1784 2512
215 139 297 172 VIII

218 224 585 277 interpretationem
608 226 649 262 in
673 232 885 275 utramque
907 232 1060 276 partem
1083 223 1270 261 admittit:
1305 235 1397 260 nam
1416 225 1494 263 sive
1516 229 1617 265 ἰλλο-

216 301 329 348 μένην
354 296 435 334 sive
462 299 685 345 εἰλουμένην
711 295 829 347 legas,
866 294 1059 346 significat
1080 295 1393 351 circumvolutam,
1427 295 1558 344 quod,
1585 297 1615 333 si

215 376 342 404 terrae
367 364 600 403 rotationem
625 372 782 409 statuas,
809 364 885 401 erit
909 374 1048 402 motam
1079 374 1113 402 et
1143 365 1303 403 volutam
1326 369 1460 403 circum
1482 379 1615 411 amem,-

212 437 273 475 sin
298 438 495 474 immotam
521 436 726 481 tellurem,
761 436 990 473 convolutam
1022 445 1057 473 et
1083 436 1305 473 adstrictam
1334 440 1406 472 axi
1429 436 1614 472 mundano

212 507 384 551 notabit,
421 506 597 558 globique
613 506 754 557 forma
785 505 1064 545 adhaerentem.
1081 506 1119 551 ²²)
1187 505 1457 559 Quapropter,
1493 520 1614 558 quum

207 577 468 628 grammaticis
493 577 713 614 rationibus
736 576 833 613 nihil
863 577 1079 622 efficiatur,
1107 590 1155 614 ex
1178 577 1316 614 ceteris
1338 577 1511 614 Platonis
1537 578 1617 628 pla--

207 647 293 684 citis
323 655 553 698 argumenta
582 647 751 699 petenda
785 657 914 685 erunt.
967 647 1088 696 Quod
1113 647 1149 685 ei
1178 656 1280 684 terra
1313 656 1369 685 est
1395 650 1525 704 φύλαξ
1553 652 1615 687 καὶ

206 718 436 771 δημιουργὸς
475 722 616 762 νυκτός
657 735 700 757 τε
734 724 796 756 καὶ
831 722 987 771 ἡμέρας,
1032 718 1274 755 Ruhnkenio
1307 727 1433 755 terrae
1464 727 1616 755 motum

204 786 353 824 circum
378 801 489 825 axem
514 788 720 826 ostendere
744 787 967 825 videbatur:
994 788 1062 826 sed
1085 797 1213 826 custos
1235 797 1274 827 et
1296 788 1470 826 effectrix
1490 788 1616 826 noctis

202 866 241 894 et
260 857 339 894 diei
365 858 482 894 etiam
510 867 605 895 tunc
628 868 699 903 est,
741 859 810 896 ubi
832 858 920 896 loco
944 872 1016 896 suo
1036 867 1188 902 manet,
1216 867 1256 895 et
1278 858 1360 895 sole
1382 871 1500 910 supra
1529 871 1615 895 eam

240 1051 273 1094 *)
328 1053 504 1085 Globosam
522 1055 607 1085 enim
624 1063 739 1086 terram
756 1055 848 1085 Plato
865 1054 953 1085 facit.
978 1054 1019 1085 V.
1037 1054 1200 1084 Phaedon.
1224 1066 1256 1097 p.
1280 1053 1350 1085 1‘08.
1367 1054 1405 1084 E.
1439 1055 1614 1097 Duplicem

326 1128 453 1147 sensum
492 1118 664 1148 verborum
700 1117 863 1148 ἴλλεσθαι
893 1125 925 1147 et
959 1116 1131 1146 εἰλεῐσὲαι
1161 1116 1304 1147 ostendit
1346 1116 1613 1146 Hemsterhusius

323 1190 374 1222 ap.
401 1181 574 1210 Ruhnken.
600 1181 621 1211 l.
641 1181 662 1210 l.
701 1180 856 1211 Similiter
877 1192 943 1211 rem
968 1179 1179 1223 expediverat
1202 1178 1388 1222 Simplicius
1418 1180 1453 1209 in
1474 1178 1613 1209 Aristot-

324 1240 364 1270 ‹le
387 1242 467 1271 coel.
492 1244 543 1279 Π,
568 1243 626 1271 sol.
653 1242 723 1273 125.
747 1243 779 1271 h.
819 1242 860 1271 τὸ
885 1242 921 1270 δὲ
946 1241 1123 1281 ἰλλομένην
1157 1241 1186 1271 εἰ
1208 1240 1267 1271 διὰ
1296 1240 1396 1283 τοῦ-ἱ
1418 1239 1612 1284 γράφεται,

324 1301 386 1338 τὴν
403 1301 663 1346 προςδεδεμένην
688 1301 854 1344 σημαίνει.
887 1303 945 1331 καὶ
968 1298 1056 1332 οὕτω
1080 1301 1139 1331 καὶ
1162 1302 1180 1331 ὁ
1202 1300 1430 1337 Ἀπολλώνιος
1452 1300 1611 1338 ποιητὴς,

323 1364 460 1405 δεσμοῖς
486 1363 673 1405 ἰλλόμενον,
696 1364 885 1395 τουτέστιν
909 1363 1137 1405 ἐνδεδεμένον,
1160 1362 1315 1405 μεγάλων
1330 1363 1445 1393 νώτων
1462 1362 1609 1399 ἐξέωσεν.

323 1425 479 1466 (Fefellit
503 1427 677 1465 memoria,
701 1439 802 1469 quum
818 1427 1015 1470 Apollonius
1038 1427 1072 1464 1,
1092 1434 1159 1468 129.
1185 1426 1321 1457 dixisset
1345 1425 1501 1467 μεγάλων
1527 1425 1612 1455 ἀπε·

319 1488 452 1524 θήκατο
474 1488 620 1528 νώτων.)
665 1489 725 1519 καὶ
756 1487 835 1532 ὅμος
870 1488 1060 1526 ἰλλασίοις,
1098 1486 1267 1519 τουτέστι
1289 1487 1447 1529 δεσμοῖς,
1485 1487 1524 1516 οὐ
1550 1487 1610 1527 βίᾳ

321 1549 524 1591 δεσμοῦντες
542 1550 695 1593 ἄγουσιν.
720 1553 823 1596 Lege,
845 1552 903 1582 καὶ
919 1549 1083 1594 ''Op-⁷:9⁰6,
1107 1550 1261 1589 ἰλλάσιν,
1276 1550 1445 1581 τουτέστι
1461 1548 1608 1590 δεσμοῖς,

321 1612 380 1640 οὐκ
407 1612 574 1641 ἐθέλοντα
598 1612 650 1653 βίῃ
674 1613 841 1648 δήσαντες
865 1613 941 1651 (vel
965 1612 1189 1653 δεσμοῦντες,
1212 1623 1229 1641 e
1251 1611 1427 1651 memoria)
1451 1609 1604 1652 ἄγουσιν-

319 1672 412 1703 Iliad.
437 1673 490 1710 N,
522 1672 595 1717 572.
644 1673 766 1704 Similia
797 1674 944 1704 invenies
972 1673 1058 1716 apud
1081 1675 1228 1705 Proclum
1261 1675 1300 1704 ab
1322 1673 1522 1703 Ruhnkenio
1550 1684 1607 1702 ex-

317 1743 481 1777 cerptum:
511 1736 567 1764 sed
592 1745 710 1765 novum
733 1743 801 1772 est,
834 1735 920 1776 quod
943 1735 1033 1765 addit
1059 1736 1264 1777 Simplicius:
1303 1736 1331 1764 εἰ
1352 1734 1387 1765 δὲ
1412 1735 1471 1765 διὰ
1497 1731 1606 1769 τῆςῖι

321 1793 509 1838 διφὲόγγου
533 1796 725 1839 γράφεται,
766 1796 824 1826 καὶ
848 1794 936 1826 οὕτω
959 1795 1023 1832 τὴν
1045 1796 1256 1838 κωλυομένην
1279 1800 1456 1839 σημαίνει,
1486 1797 1527 1832 ὡς
1545 1797 1605 1826 Αἰ-

324 1857 445 1897 σχύλος
470 1858 503 1886 ἐν
523 1859 730 1902 Βαττάροις.
754 1860 845 1901 Lege
870 1859 903 1888 ἐν
925 1857 1136 1900 Βασσάρατς.
1170 1859 1374 1899 Hesychius:
1400 1857 1602 1900 εὶλλόμενον·

323 1917 524 1960 εἰργόμενον.
568 1921 737 1961 Αἰσχύλος
758 1919 973 1963 Βασσάραις.
1016 1922 1182 1951 Postremo
1206 1923 1284 1951 scita
1308 1929 1341 1951 et
1358 1920 1436 1950 haec
1454 1929 1502 1950 est
1520 1921 1601 1950 Sim-

319 1978 410 2020 plicii
431 1980 685 2011 animadversio:
722 1979 841 2011 ἔπειτα
864 1981 922 2010 καὶ
946 1981 980 2011 ἐν
1001 1986 1073 2016 τοῖς
1095 1981 1314 2025 κυκλοτερέσι
1337 1981 1491 2024 σχήμασι
1513 1981 1598 2023 λέγε-

320 2051 382 2071 ται
405 2039 446 2070 τὸ
469 2041 752 2084 συνεστράφὲαι,
774 2044 833 2074 καὶ
856 2044 885 2074 εἰ
908 2042 950 2085 μὴ
973 2049 1128 2075 κινεῖται.
