1784 2512
232 98 359 130 XXXI!

234 202 457 242 congruum
478 201 622 243 corpus
642 195 715 233 est,
742 187 852 227 coelo
869 186 1017 233 anima,
1039 187 1128 226 loco
1149 196 1256 225 extra
1273 187 1433 226 coelum
1452 188 1533 242 ipsa
1551 201 1659 227 mens

232 263 312 301 sive
343 262 630 315 intelligentia3
670 260 710 299 id
747 258 857 313 quod
895 273 943 297 ex
955 306 961 313 ¹·
977 259 1142 298 Platone
1174 260 1262 297 satis
1294 274 1493 313 superque
1523 261 1659 313 liquet.

234 336 318 372 Iam
354 332 691 387 quemadmodum
716 331 823 384 apud
850 323 1076 381 Phisolaum
1096 340 1225 368 cetera
1253 331 1394 368 similia
1417 332 1658 384 reperimuS,

237 406 290 443 ita
319 415 446 442 ternas
467 404 585 441 etiam
608 404 739 455 plagas
768 402 911 441 diserte
937 402 1086 441 statuit:
1114 403 1351 455 Olympum,
1380 404 1561 455 igneum,
1590 404 1661 453 qui

235 474 433 514 mundum
459 474 740 526 complectitur
771 482 808 511 et
837 474 982 525 cingit,
1016 487 1199 525 puraque
1231 473 1426 509 elementa
1452 475 1543 524 (τὴν
1569 479 1661 514 εἱλι-

234 549 404 600 κρίνειαν
435 553 511 586 τῶν
535 547 791 599 στοιχείων),
829 545 1110 597 Pythagoricos
1137 558 1323 582 numeros
1349 545 1509 597 opinor,
1536 545 1663 582 conti-

232 626 320 664 net3
348 616 494 655 deinde
521 618 719 656 mundum
741 618 951 667 (κόσμον),
978 617 1182 669 regionem
1204 617 1276 654 sub
1298 616 1488 668 Olympo,
1518 616 1559 654 in
1582 630 1662 669 qua

232 687 420 726 feruntur
445 688 630 741 quinque
653 690 836 743 planetae
857 702 948 726 cum
967 688 1049 726 sole
1072 698 1111 726 et
1130 688 1253 737 luna3
1279 697 1477 741 postremo
1504 689 1663 726 coelum

234 761 470 815 (ofpazvov),
497 761 577 798 sive
602 761 834 799 sublunaria
860 769 898 798 et
921 769 1078 798 terrena
1101 760 1208 805 loca,
1237 760 1308 797 ubi
1334 769 1426 797 sunt
1451 774 1511 798 res
1535 769 1663 797 muta-

234 831 336 868 tioni
356 831 556 869 subiectae
592 836 674 879 (τὰ
698 839 767 879 τῆς
788 836 1114 890 φιλομεταβόλου
1141 832 1349 881 γενέσεως).
1365 830 1402 877 ²³)
1455 831 1565 869 Haec
1589 833 1664 884 Py-

233 900 532 953 thagoricorum
567 902 712 953 placita
748 903 866 941 etiam
904 901 1155 940 Parmenides
1184 902 1226 938 in
1257 916 1300 939 ea
1324 911 1439 954 parte
1460 903 1663 945 carminis,

231 970 304 1009 ubi
328 985 407 1015 res,
437 985 539 1023 quae
563 972 740 1008 sensibus
766 972 1071 1023 percipiuntur,
1101 972 1211 1010 haud
1239 986 1287 1009 ex
1311 972 1490 1016 scientia,
1524 972 1592 1009 sed
1616 986 1664 1009 ex

233 1043 494 1095 opinionibus
524 1056 607 1079 non
638 1051 717 1079 tam
746 1042 823 1079 suis
857 1054 979 1093 quam
1009 1042 1181 1081 aliorum
1206 1042 1392 1095 explicat,
1428 1042 1481 1080 ita
1508 1046 1666 1081 secutus'
1722 1051 1725 1054 ⁴

235 1123 310 1158 est,
338 1122 384 1150 ut
404 1114 545 1151 Vestae
562 1114 651 1151 loco
672 1114 713 1150 in
735 1113 866 1151 medio
884 1122 1054 1165 poneret
1074 1127 1244 1158 numen,
1273 1114 1460 1165 δαίμονα,
1488 1114 1511 1159 ἢ
1530 1118 1664 1154 πάντα

235 1188 426 1239 κυβερνᾷ,
469 1197 591 1236 quam
624 1185 863 1240 κλῃδοῦχον,
904 1184 1033 1232 δίκην,
1071 1189 1242 1236 ἀνάγκην
1277 1186 1474 1237 appellat,
1518 1184 1664 1222 deinde

235 1264 393 1292 terrena
422 1256 507 1292 loca
536 1258 610 1306 (τὰ
629 1258 851 1311 περίγεια),
888 1264 985 1293 tunc
1012 1256 1189 1301 coelum,
1217 1266 1256 1294 et
1280 1270 1480 1295 summum
1504 1254 1664 1294 aethera

233 1326 314 1364 sive
336 1327 468 1379 ignem
490 1329 624 1365 omnia
645 1327 960 1364 circumdantem
981 1335 1019 1364 et
1042 1327 1335 1372 includentem,
1364 1340 1483 1378 quem
1502 1326 1665 1365 nomine

233 1398 452 1451 Stephanes
471 1399 719 1451 appellatum
740 1398 849 1436 haud
870 1399 1017 1437 veritus
1042 1407 1098 1436 est
1122 1398 1243 1436 deum
1264 1412 1510 1451 nuncupare.

278 1570 318 1611 *)
363 1572 403 1601 V.
429 1572 520 1601 Stob.
553 1573 688 1612 Eclogg,
718 1573 830 1612 physs.
854 1574 888 1607 I,
923 1574 973 1603 23.
1006 1584 1039 1613 p.
1064 1572 1136 1610 488.
1162 1577 1236 1612 490.
1283 1571 1362 1599 Non
1391 1571 1493 1613 ipsius
1524 1569 1663 1599 Philolai

362 1631 462 1664 verba
488 1641 585 1670 sunt,
623 1631 678 1662 sed
709 1633 931 1675 excerptoxis:
970 1641 1079 1662 tamen
1108 1634 1190 1663 nihii
1221 1633 1338 1669 video,
1372 1633 1459 1674 quod
1485 1642 1665 1676 suspectam

362 1694 426 1725 loci
450 1694 621 1725 veritatem
645 1694 770 1725 reddat.
816 1696 854 1725 ln
886 1706 952 1735 quo
985 1697 1011 1725 si
1034 1695 1226 1726 anticlithon
1251 1695 1471 1733 desideratur,
1502 1697 1664 1725 neminem

361 1757 424 1788 hoc
447 1756 613 1797 offendet,
639 1758 696 1801 qui
719 1766 862 1789 nostram
886 1757 925 1788 de
949 1770 987 1790 ea
1010 1759 1204 1790 sententiam
1228 1759 1428 1802 comprobet.

278 1848 335 1890 ²¹¹*)
365 1849 405 1881 V.
431 1851 521 1882 Stob.
549 1852 627 1882 ibid.
653 1864 685 1894 p.
711 1849 784 1889 482.
810 1851 879 1881 Cic.
905 1852 942 1881 de
967 1852 1010 1882 N.
1036 1853 1081 1882 D.
1106 1853 1140 1889 Ῑ,
1168 1864 1217 1883 ιι.
1248 1861 1281 1882 et
1312 1854 1504 1894 Fragmenta
1535 1852 1663 1880 Parme-

364 1910 451 1943 nidis
476 1923 522 1943 vs.
552 1922 745 1945 120—122.
791 1914 925 1945 stobaei
957 1915 1055 1945 verba
1087 1915 1260 1946 emendavi
1283 1923 1454 1957 ceteraque
1479 1914 1542 1944 huc
1564 1914 1666 1956 perti-

366 1976 477 2007 nentia
500 1976 644 2019 explicui
665 1977 699 2007 in
723 1978 839 2008 Anna).
864 1978 964 2007 litter.
990 1978 1201 2021 Heidelberg.
1230 1979 1252 2008 1.
1278 1988 1303 2009 c.
1328 1989 1360 2021 p.
1387 1975 1580 2011 116-118,

760 2078 1134 2096 *-
