1784 2512
1497 181 1606 214 XXIX

186 284 280 325 pere
301 271 328 309 ii
348 276 498 317 errent,
526 281 573 308 ex
593 268 747 323 paucis,
776 279 878 321 quae
896 279 1005 307 nunc
1023 268 1249 317 subiiciam,
1275 270 1445 324 liquido,
1473 272 1604 319 credo,

185 343 399 396 apparebit.

288 415 416 450 Prima
444 412 619 449 occurrit
642 410 810 448 deorum
831 410 959 456 sede3‚
996 411 1038 448 in
1065 425 1142 462 qua
1169 413 1250 450 sola
1271 414 1389 452 Vesta
1417 425 1604 453 remanet.

183 485 318 522 Statim
353 483 599 534 agnoscimus
628 482 694 519 hic
725 485 885 521 Ἑστίαν
914 481 993 520 sive
1028 486 1121 527 Διὸς
1152 488 1352 541 φυλακὴν,
1398 486 1439 523 in
1470 485 1602 524 medio

183 554 334 593 mundo
355 555 521 605 positam
548 563 587 591 et
614 555 681 591 abs
709 562 811 590 terra
836 553 1047 598 diversam,
1082 567 1200 605 quam
1224 556 1378 607 igneam
1403 558 1603 595 Philolaus

183 625 294 663 dicit:
323 633 424 663 terra
446 625 554 663 enim
575 625 655 677 ipsa
681 624 779 662 haec
801 624 921 662 Vesta
945 638 1022 663 esse
1049 626 1206 678 nequit,
1234 641 1360 679 quum
1386 627 1441 665 dii
1466 642 1601 667 omnes

179 698 416 749 animaeque
443 697 537 734 inde
565 697 745 741 veniant,
773 704 812 733 et
839 709 928 741 eae,
955 710 1059 747 quae
1088 698 1206 750 ipsius
1226 700 1397 737 veritatis
1418 700 1601 751 splendo-

179 782 264 806 rem
286 769 388 806 ferre
412 776 634 820 nequeant,
661 768 704 805 in
725 776 869 805 terram
888 767 967 806 alio
986 768 1106 821 plane
1124 769 1211 807 loco
1226 771 1473 815 collocatam,
1496 771 1601 808 deci-

180 840 273 878 dere
302 840 490 877 serantur.
511 838 544 890 ²³³)
598 838 853 891 Quamquam
893 849 1025 878 autem
1054 841 1173 878 Vesta
1212 850 1367 879 tantum
1396 843 1438 879 in
1469 842 1600 880 medio

178 911 330 948 mundo
362 920 417 947 est
445 920 484 948 et
510 910 618 963 apud
651 910 855 946 Platonem
888 920 927 948 et
954 910 1062 963 apud
1093 911 1334 956 Philolaum,
1361 921 1493 949 tamen
1517 925 1599 949 non

178 982 435 1033 distinguitur
453 995 474 1017 a
493 982 697 1019 mundana
713 983 860 1025 anima,
889 996 1015 1032 quum
1033 996 1080 1019 ex
1095 983 1163 1018 illa
1180 983 1392 1033 provenire
1412 996 1547 1019 omnes
1563 992 1602 1019 et

178 1051 345 1088 deorum
371 1060 410 1088 et
431 1052 659 1088 mortalium
680 1052 829 1087 animas
850 1050 1062 1087 videamus.
1117 1052 1174 1086 Ita
1200 1051 1278 1087 iam
1297 1060 1475 1088 veterum
1500 1065 1599 1088 non-

177 1123 309 1160 nullos
328 1123 487 1161 sensisse
507 1136 553 1160 ex
571 1123 711 1160 Proclo
726 1121 999 1174 intelligimus,
1025 1121 1117 1159 licet
1133 1121 1213 1174 ipse
1228 1122 1344 1160 aliam
1365 1124 1598 1175 opinionem

175 1202 366 1245 sequatur
377 1193 453 1241 *ἧς
482 1193 668 1244 idemque
691 1192 834 1230 diserte
853 1192 1145 1245 pronunciatur
1164 1205 1184 1228 a
1208 1192 1412 1230 Chalcidio
1431 1192 1491 1230 his
1513 1207 1597 1231 ver-

175 1266 234 1301 bis
250 1264 337 1314 ²²³³²²³‘):
365 1265 493 1302 Solam
510 1266 696 1316 siquidem
718 1267 873 1302 Vestam
895 1277 1049 1300 manere
1073 1268 1128 1300 ait
1149 1268 1188 1300 in
1211 1278 1280 1301 sua
1304 1265 1408 1308 sede,
1440 1266 1597 1302 Vestam

175 1335 314 1373 scilicet
335 1339 502 1371 animam
523 1339 696 1385 corporis
714 1338 895 1380 universi,
923 1344 1151 1386 mentemque
1171 1337 1323 1371 animae
1345 1337 1445 1381 eius,
1472 1335 1598 1372 mode-

176 1417 321 1444 rantem
340 1407 434 1444 coeli
449 1407 631 1444 stellantis
651 1407 820 1444 habenas
837 1409 948 1443 iuxta
974 1406 1090 1456 legem
1119 1421 1143 1442 α
1156 1406 1399 1456 providentia
1416 1416 1596 1443 sanctam.

176 1477 420 1529 Porphyrius
442 1480 478 1520 †)
515 1492 561 1514 ex
596 1477 857 1530 Pythagorae,
894 1485 941 1514 ut
969 1477 1154 1529 putabat,
1188 1477 1399 1521 sententia,
1435 1477 1596 1514 Vestam

175 1548 268 1585 facit
282 1548 472 1601 galaxiam
483 1565 492 1595 3
519 1557 557 1585 et
574 1548 753 1601 profecto
770 1547 937 1601 galaxias
950 1556 1078 1599 potest
1101 1546 1260 1585 habitus
1281 1560 1357 1585 esse
1372 1561 1446 1600 pro
1466 1547 1597 1600 splen-

175 1619 272 1656 dore
295 1620 533 1657 extrinsecus
557 1619 794 1656 circumfuso
818 1619 916 1656 lucis
936 1619 1042 1656 illius
1065 1619 1106 1655 iu
1128 1618 1259 1656 medio
1281 1619 1435 1656 mundo
1456 1619 1597 1656 arden-

218 1785 257 1826 *)
301 1784 465 1814 Tellurem
488 1782 696 1813 intellexerat
719 1783 872 1813 Timaeus
895 1782 1021 1812 Locrus
1045 1793 1076 1824 p.
1094 1792 1135 1825 97
1155 1783 1198 1812 D.
1225 1781 1380 1812 mundum
1402 1782 1595 1813 RIacrobius

303 1846 369 1876 Sat.
393 1847 426 1883 I,
450 1843 502 1876 23.
527 1845 621 1875 Plura
644 1857 675 1876 v.
699 1846 734 1874 in
756 1843 875 1874 Annal.
899 1843 1001 1874 litter.
1025 1842 1232 1887 Heidelberg.
1264 1844 1287 1875 l.
1311 1844 1332 1875 l.
1358 1856 1389 1887 p.
1417 1854 1488 1877 112.

217 1919 271 1960 **)
301 1921 341 1950 V.
368 1921 482 1952 Theol.
507 1920 590 1951 Plat.
612 1919 676 1957 VI,
700 1926 751 1950 21.
776 1930 807 1961 p.
832 1922 904 1957 400.

218 1991 291 2032 ***)
319 2002 351 2033 p.
376 1991 448 2033 269.

219 2053 254 2094 ᾖ)
303 2054 341 2085 de
364 2063 456 2086 antro
481 2057 614 2099 nymph.
638 2069 671 2099 p.
700 2064 767 2099 127.
793 2055 842 2087 ed.
868 2056 960 2086 Rom.
