1784 2512
1513 131 1603 165 XXV

195 229 428 278 intelligatur.
447 223 481 274 τε)
532 221 663 259 Solem
683 220 822 271 igitur,
855 220 887 257 si
907 220 1195 272 comparationi
1220 223 1333 259 venia
1357 223 1491 268 detur,
1520 237 1603 270 cor,

195 309 341 339 terram
380 295 500 350 pedes
537 293 618 332 sive
648 290 837 338 radicem,
885 304 1081 330 summum
1119 292 1275 332 coelum
1304 304 1423 346 caput
1462 296 1602 335 mundi

193 371 362 416 faciunt3
401 379 575 418 quocum
605 364 793 404 convenit
820 363 1113 416 quodammodo
1140 366 1200 411 id,
1237 366 1347 418 quod
1375 366 1425 404 de
1448 369 1602 419 symbo-

193 444 271 481 lico
309 454 383 478 usu
417 437 609 477 mundani
644 436 859 489 systematis
895 435 939 474 in
974 437 1145 475 Platonis
1182 438 1435 490 philosophia
1474 439 1604 476 statim

193 511 421 552 videbimus.

294 583 369 620 Sed
400 591 446 619 ut
468 588 643 619 revertar
666 578 717 616 ad
745 578 986 624 Philolaum,
1020 579 1063 615 in
1090 593 1179 617 eum
1203 582 1322 633 plane
1343 581 1467 624 cadit,
1493 581 1603 632 quod

192 654 415 692 Aristoteles
431 651 708 704 Pythagoricos
732 649 830 687 dicit
852 663 935 688 non
955 662 1001 688 ex
1026 651 1307 703 apparentibus
1322 664 1452 690 causas
1466 664 1602 689 rerum

193 735 231 764 et
253 726 425 764 rationes
461 724 627 766 ducere,
663 721 731 760 sed
759 722 991 774 apparentia
1021 717 1101 760 suis
1126 723 1277 774 placitis
1306 724 1603 762 accommodare

190 805 311 849 atque
341 795 392 833 ad
423 795 519 833 haec
551 794 807 846 detorquere,
845 793 1022 846 quamvis
1052 793 1221 833 subinde
1248 793 1357 832 haud
1383 794 1603 833 infeliciter.

192 869 242 905 Et
263 867 512 918 Pythagorici
540 866 704 917 quidem
730 864 807 902 hoc
834 864 884 904 de
914 865 1107 903 industria
1135 865 1331 910 fecerunt,
1364 880 1491 917 quum
1521 879 1601 903 non

192 948 272 976 tam
287 938 569 990 adspectabiles
594 937 638 974 in
659 936 771 974 coelo
792 949 855 974 res
877 946 1083 983 curarent,
1109 950 1231 987 quam
1254 937 1406 973 divinas
1431 937 1536 973 ideas
1556 938 1604 972 in

191 1009 425 1047 coelestibus
464 1007 692 1058 regionibus
728 1018 938 1056 agnoscere
974 1013 1097 1056 atq-ue
1132 1005 1321 1042 admirari
1356 1005 1523 1042 vellent:
1559 1005 1605 1042 id

192 1062 301 1130 quod
325 1061 352 1114 'a
379 1078 562 1120 Platone,
599 1077 644 1112 in
676 1075 737 1112 his
764 1075 882 1112 rebus
918 1073 1268 1126 Pythagoricorum
1294 1084 1421 1113 sectae
1447 1089 1603 1129 prorsus

190 1149 349 1188 addicto
372 1147 450 1192 **)‚
474 1147 563 1185 satis
581 1146 803 1185 edocemur.
855 1144 932 1182 Hic
951 1145 1058 1183 enim
1078 1146 1121 1183 in
1147 1146 1365 1198 Republica
1382 1146 1461 1191 *³²²5
1485 1156 1602 1185 astro-

191 1221 386 1263 nomiam,
423 1231 525 1270 quae
558 1217 743 1255 omnibus
775 1216 957 1254 videatur
986 1216 1128 1254 mentis
1160 1217 1295 1255 oculos
1325 1218 1375 1255 ad
1399 1218 1603 1270 superiora

191 1291 379 1341 dirigere,
419 1298 459 1327 et
491 1289 560 1327 abs
588 1288 755 1326 terrenis
785 1287 1118 1325 vicissitudinibus
1154 1288 1365 1327 abstractos
1403 1288 1501 1327 illuc
1533 1301 1604 1326 nos

192 1360 376 1404 evehere,
403 1360 456 1396 ita
474 1358 639 1409 quidem
657 1365 875 1401 tractatam,
901 1366 947 1395 ut
966 1366 1062 1396 tunc
1081 1358 1338 1411 philosophos
1357 1359 1489 1396 fecisse
1506 1359 1604 1396 dicit

193 1437 259 1481 (et
277 1429 377 1483 quid
397 1429 447 1468 de
468 1429 609 1468 nostris
625 1428 787 1467 demum
803 1429 1034 1468 astronomis
1055 1429 1232 1468 dicturus
1251 1430 1435 1475 fuissetU
1447 1459 1455 1475 ,
1481 1431 1604 1484 plane

193 1502 243 1539 ad
267 1501 434 1539 humilia
468 1510 508 1538 et
536 1502 626 1538 vilia
649 1500 847 1539 deducere
875 1502 1026 1539 animos
1053 1505 1192 1539 censet.
1243 1503 1411 1546 Etenim,
1456 1502 1605 1553 inquit,

193 1571 265 1609 ubi
292 1573 335 1609 in
351 1572 528 1610 lacunari
553 1572 752 1609 coloribus
777 1571 987 1623 variegatas
1008 1572 1180 1624 picturas
1197 1586 1352 1611 sursum
1375 1573 1463 1609 latis
1481 1573 1606 1609 oculis

195 1650 235 1680 et
252 1642 439 1694 resupino
463 1642 591 1695 capite
608 1642 806 1688 intueare,
833 1641 910 1680 hoc
928 1642 1107 1695 profecto
1135 1656 1218 1681 non
1240 1653 1295 1681 est
1317 1644 1394 1680 alte
1413 1652 1605 1695 spectare,

239 1799 273 1841 *)
321 1799 361 1832 V.
385 1810 453 1844 cap.
476 1811 528 1844 71.
551 1811 584 1843 p.
611 1797 680 1831 155.
726 1798 879 1829 Similiter
902 1798 1033 1830 Proclus
1055 1799 1155 1832 refert
1181 1800 1359 1832 nonnullos
1389 1808 1521 1844 putasse
1542 1800 1606 1833 τὸν

322 1855 418 1895 ἥλιον
448 1860 489 1896 ὡς
516 1860 551 1890 ἐν
581 1857 675 1900 τόπῳ
698 1858 838 1902 καρδίας
871 1859 1056 1903 ἱδρύμενοτ.
1101 1861 1139 1891 In
1164 1861 1249 1891 Tim.
1273 1861 1342 1897 111,
1364 1872 1398 1903 p.
1425 1871 1495 1901 171.
1520 1860 1603 1890 med.

240 1932 293 1974 **)
325 1933 365 1964 V·
387 1935 469 1979 Rep.
491 1935 575 1973 VII,
597 1946 630 1978 p.
654 1932 726 1967 550.
751 1935 796 1967 D.

237 2007 310 2049 ***)
330 2009 409 2040 ibid.
434 2022 467 2052 p.
490 2009 564 2053 529.
588 2010 615 2040 A
639 2021 709 2053 sqq.
