1784 2512
1514 137 1611 170 XVII

194 241 360 274 conatus
389 238 451 269 est.
507 229 684 267 Primum
719 227 847 272 enim,
883 238 1010 279 quum
1033 226 1108 265 soli
1139 234 1295 265 tantum
1320 229 1495 267 tribuere
1525 242 1619 282 nont

190 314 337 361 posset,
376 311 421 341 ut
452 301 657 354 propriam
692 300 825 338 lucem
852 299 890 337 ei
923 303 1150 352 assignaret,
1183 300 1332 353 quippe
1375 313 1500 352 quum
1526 314 1608 340 me.

192 378 305 417 dium
327 384 366 414 et
387 381 569 413 centrum
588 372 750 419 mundi,
776 381 824 411 ut
844 379 973 410 motus
994 385 1040 411 ac
1063 372 1347 424 gravitationis‚
1373 372 1425 410 ita
1450 382 1490 411 et
1509 374 1607 412 lucis

190 449 342 486 fontem
362 458 440 483 esse
462 445 605 482 merito
620 452 829 489 statueret,
855 443 979 481 solem
1001 451 1134 481 autem
1154 442 1329 482 medium
1348 457 1499 497 ponere
1522 457 1607 484 non

190 520 371 563 auderet,
410 517 612 556 Philolaus
643 516 722 555 hoe
753 524 1024 555 commentum
1051 515 1300 568 excogitavit,
1345 517 1457 568 quod
1486 517 1605 556 etiam

190 589 448 642 Empedocles
474 588 613 632 habet,
634 590 697 625 'ut
715 588 765 625 ab
790 589 899 641 igne,
926 587 1067 625 mundi
1091 596 1242 633 centro,
1267 588 1327 626 sol
1350 587 1481 626 lucem
1505 589 1603 626 acci-

187 675 284 715 pere
315 661 529 704 diceretur,
566 669 605 697 et
630 659 696 697 hic
727 669 862 698 noster
888 660 1163 713 adspectabilis
1188 661 1244 697 sol
1266 661 1412 698 vitreae
1437 670 1603 698 naturae

187 740 299 777 esset,
333 732 377 769 in
408 730 539 769 medio
563 731 716 769 mundo
741 731 859 784 positi
883 731 975 768 solis
996 730 1125 769 radios
1152 731 1361 783 excipiens,
1389 740 1428 769 et
1450 731 1602 784 speculi

188 803 309 842 instar
329 812 511 856 exceptos
528 816 609 841 una
625 817 719 841 cum
735 802 866 841 calore
885 803 928 840 in
947 811 1093 841 terram
1104 803 1323 841 remittens:
1349 811 1602 855 quapropter,

187 875 256 926 qui
283 874 407 913 oculis
436 875 577 912 nostris
604 883 786 926 apparet,
829 888 923 913 eum
960 875 1123 925 quidem
1154 875 1278 912 solem
1308 888 1381 911 nec
1406 874 1599 926 primum,

185 959 260 983 nec
276 945 517 989 secundum,
543 946 611 983 sed
631 947 787 983 tertiam
805 946 1007 996 quandam
1028 945 1207 996 imaginis
1231 945 1442 996 imaginem
1463 945 1512 983 ad
1531 959 1601 982 nos

184 1015 370 1053 reflexam
389 1016 572 1067 appellat.
588 1015 624 1060 ⁸)
650 1015 771 1062 Quod
783 1015 975 1064 placitum
996 1022 1149 1051 tantum
1172 1014 1296 1057 abest,
1325 1022 1370 1051 ut
1392 1028 1482 1052 cum
1496 1016 1597 1052 Ten-

183 1099 386 1124 nemanno
409 1080 545 1124 nostro
556 1084 613 1133 ΜΕ)
639 1093 864 1138 suspectum
885 1083 1075 1129 habeam,
1106 1093 1151 1123 ut
1170 1085 1307 1131 etiam,
1337 1086 1446 1137 quod
1468 1088 1595 1125 statim

183 1156 409 1209 apparebit,
436 1157 697 1194 necessarium
716 1155 812 1194 huic
839 1154 1101 1209 Pythagorico
1121 1156 1383 1195 iudicandum
1406 1171 1484 1196 esse
1505 1172 1595 1197 ceu·

181 1241 298 1266 seam.
358 1228 538 1267 Alterum
573 1238 648 1274 est,
691 1228 801 1280 quod
838 1229 964 1266 noctis
995 1237 1035 1266 et
1068 1228 1148 1266 diei
1182 1229 1466 1267 vicissitudines
1502 1231 1596 1268 inde

224 1420 264 1463 *)
287 1420 380 1453 Stoh.
397 1421 531 1466 Eclogg.
547 1423 658 1466 physs.
676 1423 712 1460 Ι,
730 1424 782 1455 26.
796 1435 830 1467 p.
848 1421 921 1456 550.
961 1421 1130 1460 Φιλόλαος
1148 1424 1165 1454 ὁ
1184 1422 1417 1468 Πυθαγόρειος
1434 1425 1593 1463 ὑαλοειδῆ

308 1483 371 1516 τὸν
392 1481 505 1522 ἥλιον,
530 1484 711 1527 δεχόμενον
729 1485 790 1527 μὲν
811 1489 875 1516 τοῦ
897 1487 931 1517 ἐν
955 1489 1005 1528 τῷ
1025 1485 1139 1528 κόσμῳ
1157 1486 1257 1529 πυρὸς
1279 1486 1342 1523 τὴν
1362 1487 1593 1529 ἀνταύγειαν,

308 1544 496 1582 διηθοῦντά
515 1558 555 1578 τε
577 1546 659 1591 πρὸς
681 1548 768 1589 ἡμᾶς
790 1547 851 1586 τό,
882 1560 921 1579 τε
945 1551 1015 1592 φῶς
1037 1548 1094 1579 καὶ
1116 1550 1178 1587 τὴν
1202 1549 1327 1587 ἀλέαν,
1358 1546 1439 1586 ὥςτε
1464 1549 1595 1592 τρόπον

306 1608 390 1639 τινὰ
413 1608 551 1646 διττοὺς
574 1609 687 1647 ἡλίους
709 1610 914 1652 γίγνεσθαι,
937 1610 979 1640 τό
1000 1622 1039 1641 τε
1065 1611 1098 1642 ἐν
1121 1615 1171 1652 τῷ
1193 1612 1324 1654 οὐρανῷ
1346 1613 1513 1656 πυρῶδες,
1536 1613 1593 1642 καὶ

305 1669 349 1701 τὸ
374 1670 433 1700 ἀπ’
455 1672 565 1702 αὐτοῦ
586 1672 761 1715 πυροειδὲς
783 1672 877 1703 κατὰ
901 1672 943 1702 τὸ
967 1672 1217 1714 ἐςοπτροειὸὲς,
1249 1675 1278 1703 εἰ
1300 1675 1342 1714 μή
1365 1684 1418 1708 τις
1440 1674 1498 1702 καὶ
1521 1674 1592 1712 τρί-

306 1742 367 1768 την
388 1731 478 1770 λέξει
508 1732 570 1770 τὴν
600 1732 669 1763 ἀπὸ
699 1736 764 1763 τοῦ
796 1731 961 1776 ἐνόπτρου
991 1734 1067 1763 κατ’
1092 1733 1285 1765 ἀνάκλασιν
1308 1734 1591 1779 διασπειρομένην

306 1794 386 1838 πρὸς
414 1796 500 1837 ἡμᾶς
529 1796 643 1837 αὐγήν.
688 1796 896 1839 Empedoclis
926 1796 1047 1826 dictum
1078 1796 1198 1827 ibidem
1228 1797 1360 1827 olaeinm
1383 1798 1494 1840 paullo
1518 1807 1592 1841 post

305 1856 462 1889 recitabo.
504 1858 558 1888 De
581 1858 726 1889 Philolao
750 1858 832 1889 adde
854 1858 1029 1889 Auctorem
1053 1858 1092 1889 de
1114 1859 1214 1902 placc-
1239 1860 1375 1903 philoss.
1398 1862 1452 1899 11,
1477 1870 1528 1894 20.

221 1939 274 1981 **)
301 1939 387 1971 Hist.
409 1941 532 1982 'philos
556 1943 596 1972 T.
620 1943 654 1980 I,
676 1955 709 1986 p.
737 1941 806 1973 123.
858 1942 982 1973 Melius
1005 1953 1133 1972 omnem
1165 1955 1232 1974 rem
1255 1952 1449 1976 tractaverat
1472 1945 1592 1976 Tiede·

304 2014 459 2042 mannus,
492 2017 687 2049 quamquam
709 2017 776 2037 non
799 2007 869 2038 sine
891 2005 1037 2038 admistis
1060 2007 1245 2045 erroribus,
1272 2009 1306 2038 in
1330 2009 1485 2041 Graeciae
1507 2010 1590 2039 anti-

302 2068 402 2107 quiss.
425 2067 559 2111 philoss.
583 2081 615 2111 p.
639 2071 703 2110 448
725 2081 796 2112 sqq.
