1784 2512
171 121 1573 151 ΝΝΝΝΜΝΦΟΦΦΦΝΨΙΨΙΝΦ

168 686 382 771 Summus
403 728 471 765 ille
493 727 616 772 Deus,
644 738 764 778 quem
784 724 901 763 huius
927 723 1066 764 mundi
1095 724 1275 777 opificem
1302 726 1413 763 Plato
1437 726 1571 777 appel-

166 798 237 844 lat,
263 808 473 852 postquam
496 798 673 851 corporis
699 796 894 835 mundani
915 810 1143 850 compagem
1167 810 1212 834 ea
1237 796 1390 834 ratione
1411 797 1571 834 concin-

166 878 344 914 naverat,
377 883 498 921 quam
527 869 570 906 in
590 868 769 921 proxima
800 868 1131 906 commentatione
1161 867 1395 919 geometrica
1418 866 1571 904 subtili-

166 949 243 978 tate
273 941 470 992 explicui3
501 939 787 977 absolutissimo
811 939 989 981 animali,
1016 947 1159 975 cuncta
1178 939 1365 974 animalia
1394 951 1571 989 compre-

163 1010 378 1053 hendenti,
417 1009 582 1060 figuram
608 1022 772 1059 quoque
802 1008 983 1045 omnium
1011 1007 1335 1045 absolutissimam
1356 1008 1569 1045 universas-

163 1093 243 1132 que
269 1080 410 1132 figuras
437 1079 683 1131 complexam
710 1086 750 1115 et
774 1077 927 1130 ubique
948 1077 1175 1129 aequalem,
1203 1077 1457 1117 tribuendam
1479 1092 1569 1116 cen-

160 1150 256 1194 suit,
281 1149 359 1188 hoc
386 1159 442 1187 est
465 1149 709 1202 sphaericam
734 1149 922 1194 formam,
958 1163 1036 1201 qua
1060 1163 1192 1201 neque
1212 1149 1484 1202 pulchriorem
1501 1163 1567 1187 ne-

162 1234 240 1272 que
266 1221 542 1272 perfectiorem
574 1219 745 1257 inveniri
779 1219 980 1257 iudicabat
1016 1220 1274 1273 Pythagorica
1304 1229 1342 1257 et
1364 1220 1567 1256 Platonica

161 1287 413 1342 philosophia
429 1290 480 1339 '*''):
530 1299 568 1326 et
597 1286 797 1339 quaenam
830 1290 955 1339 figura
981 1289 1166 1326 universo
1198 1290 1320 1340 magis
1352 1290 1568 1326 convenire

157 1368 334 1412 poterat,
361 1372 483 1410 quam
504 1372 568 1403 ea,
595 1372 697 1409 quae
718 1358 838 1410 ipsius
859 1358 1099 1396 aeternitatis
1124 1359 1349 1411 symbolum
1369 1358 1566 1397 veteribus

159 1431 369 1478 videbatur
395 1430 499 1467 esse?
549 1430 688 1481 Neque
716 1429 759 1467 in
795 1429 871 1467 hoc
902 1429 1012 1466 Plato
1046 1430 1230 1483 princeps
1260 1429 1465 1468 habendus
1494 1438 1566 1475 est,

160 1501 227 1537 sed
258 1509 436 1537 auctores
462 1501 642 1551 sequitur
668 1500 950 1553 Empedoclem
980 1509 1019 1538 et
1043 1500 1332 1545 Parmenidem‚
1360 1501 1403 1539 in
1427 1501 1567 1538 carmi-

198 1664 238 1705 *)
281 1665 321 1696 V.
347 1665 433 1695 Tim.
457 1678 488 1707 p.
505 1664 557 1697 53.
574 1666 611 1696 B.
634 1664 687 1697 62.
703 1666 748 1701 D.
773 1674 806 1696 et
828 1677 846 1696 e
865 1666 1100 1697 recentioribus
1122 1674 1250 1709 praeter
1266 1667 1346 1697 alios
1361 1666 1564 1703 Plutarchus,

286 1727 342 1768 qui
366 1727 443 1757 olim
466 1726 596 1757 habitus
619 1733 685 1764 est,
716 1727 754 1755 de
776 1726 876 1769 place.
898 1727 1033 1769 philoss.
1057 1729 1144 1765 I,·6.
1181 1736 1213 1757 et
1234 1729 1281 1758 ibi
1304 1728 1483 1765 Cominus,
1507 1728 1566 1769 qui

285 1797 393 1820 tamen
414 1788 557 1819 Platonis
579 1789 651 1820 loca
672 1788 842 1832 neglexit,
863 1799 899 1819 ac
914 1789 1007 1819 Philo
1024 1789 1063 1819 de
1079 1790 1205 1820 victim.
1219 1803 1251 1833 p.
1264 1790 1316 1822 33.
1340 1790 1394 1820 Cf.
1409 1790 1564 1821 Gatakcr.

283 1851 322 1880 ad
345 1851 504 1881 Antonin.
527 1851 604 1880 XII.
626 1849 657 1882 5.
702 1850 751 1879 Ut
772 1850 911 1881 rotunda
932 1850 1034 1881 forma
1057 1852 1282 1882 aeternitatem
1305 1852 1485 1895 significat,
1520 1853 1565 1881 ita

282 1921 368 1943 recta
396 1914 481 1944 linea
512 1921 640 1956 tempus
671 1921 704 1944 et
735 1913 874 1944 finitum.
933 1914 1029 1944 Unde
1059 1915 1178 1945 eximie
1210 1914 1296 1946 dixit
1325 1915 1499 1946 Alcmaeon
1529 1916 1564 1944 in

281 1973 388 2005 Probl.
412 1976 551 2007 Aristot.
576 1976 689 2015 XVII,
711 1975 741 2007 5.
775 1976 856 2013 τοὺς
879 1976 1076 2019 ἀνθρώπους
1106 1977 1165 2009 διὰ
1188 1982 1296 2010 τοῦτο
1320 1977 1570 2015 ἀπόλλυσθαι,

281 2033 338 2066 ὅτι
362 2038 400 2067 οὗ
424 2037 594 2071 δύνανται
616 2039 677 2076 τὴν
701 2038 806 2082 ἀρχὴν
829 2042 878 2081 τῷ
899 2039 991 2070 τέλει
1014 2039 1197 2083 προςάψαι.

1239 2105 1308 2154 (¹)
