1784 2512
1531 172 1608 203 xlx

298 269 357 308 Sit
382 268 412 306 C
435 265 618 305 centralis
640 263 759 318 ignis,
785 270 825 301 et
844 262 877 300 A
893 260 971 307 sol,
998 261 1069 314 qui
1091 273 1228 300 annuo
1250 270 1361 300 motu
1377 274 1449 316 per
1469 262 1609 304 orbem

199 340 349 379 circum
373 338 503 391 ignem
527 336 662 374 fertur.
702 334 827 373 Terra
845 334 895 371 sit
921 332 964 370 in
982 332 1038 378 G,
1063 332 1292 371 circumlata
1316 332 1462 372 diurno
1478 344 1607 381 motu,

195 412 265 450 sed
291 410 446 448 mi'nore
469 407 582 452 orbe,
609 419 738 458 eoque
757 405 809 444 ad
836 403 976 443 orbem
1003 403 1094 443 solis
1117 403 1280 456 oblique
1298 404 1442 456 posito,
1468 413 1513 442 ut
1533 407 1606 444 cir-

195 481 309 519 culus
333 478 409 516 EF
431 477 480 515 ad
505 477 642 515 orbem
665 477 748 514 BD.
800 461 886 513 Iani
899 474 956 513 sol
977 487 1025 512 ex
1044 474 1079 511 A
1102 487 1233 513 versus
1253 474 1499 514 occidentem
1516 488 1607 529 per-

152 593 158 599 ·
193 552 269 604 git,
293 548 360 587 sed
385 547 494 587 lento
519 548 663 601 gradu,
701 549 756 585 ita
785 555 832 585 ut
852 545 1037 600 pluribus
1057 545 1198 584 diebus
1219 555 1373 586 tantum
1395 546 1445 584 ad
1465 548 1496 584 L
1516 561 1606 600 per-

191 620 344 658 veniat:
378 620 446 657 sed
475 628 580 657 terra
603 617 816 656 duodecim
838 616 950 655 horis
972 629 1099 668 usque
1117 616 1167 654 ad
1188 630 1213 670 g
1233 616 1484 670 provehitur,
1510 632 1602 656 cum

190 698 230 727 et
249 690 331 742 ipsa
351 703 483 728 versus
506 689 675 727 eandem
695 697 850 742 partem
870 697 1077 727 moveatur
1085 705 1096 736 ;
1122 689 1257 740 itaque
1276 688 1425 741 positus
1447 688 1530 727 eius
1551 689 1602 728 ad

187 760 310 799 solem
335 759 590 813 vehementer
621 760 862 799 immutatur.
911 759 988 798 Sed
1015 760 1085 811 qui
1113 759 1198 805 fiat,
1225 769 1271 798 ut
1292 760 1386 798 inde
1415 761 1539 798 noctis
1560 770 1600 799 et

187 830 267 869 diei
287 829 512 869 vicissitudo
531 839 729 877 nascatur,
755 830 939 871 nondum
956 838 1134 885 apparet:
1157 830 1267 884 quod
1284 839 1329 870 ut
1346 831 1599 884 intelligatur,

185 902 283 941 haec
316 903 499 941 addenda
526 912 625 941 sunt.
699 903 786 940 Una
819 917 912 941 cum
945 911 1047 958 ter-ra
1078 903 1228 940 circum
1264 903 1395 954 ignem
1421 902 1601 940 ambulat

184 972 442 1017 antichthon,
478 981 523 1011 ut
553 981 710 1026 praeter
736 973 983 1011 Aristotelem
1009 972 1234 1024 Simplicius
1261 980 1396 1016 notat,
1432 980 1472 1009 et
1499 970 1597 1009 haec

184 1041 349 1093 quidem
381 1042 548 1079 centrali
577 1043 659 1092 igni
689 1055 844 1093 semper
866 1041 1035 1093 propior
1053 1050 1203 1086 manet,
1244 1042 1409 1093 ipsoque
1433 1041 1594 1079 nomine

184 1111 437 1157 ostendente,
463 1110 566 1148 nihil
592 1110 703 1148 aliud
726 1118 782 1148 est
800 1123 920 1161 quam
939 1110 1118 1162 opposita
1144 1118 1298 1148 nostrae
1320 1119 1441 1156 terra,
1468 1120 1515 1150 ut
1539 1112 1595 1149 ait

182 1172 420 1225 Aristo‘teles,
463 1180 540 1219 hoc
568 1188 624 1218 est
658 1189 761 1219 terra
795 1179 1053 1234 antipodum,
1094 1180 1174 1219 sive
1207 1195 1293 1219 eam
1329 1195 1421 1220 cum
1461 1190 1593 1221 nostra

183 1253 477 1296 cohaerentem,
510 1253 590 1290 sive
625 1253 817 1290 divulsam
849 1252 1049 1290 Philolaus
1080 1252 1244 1289 finxerit.
1261 1251 1297 1294 *)
1358 1253 1443 1288 Iam
1471 1253 1511 1289 H
1541 1255 1591 1290 sit

181 1322 434 1370 antich'thon3
460 1323 531 1361 ubi
553 1323 788 1361 antichthon
812 1323 856 1360 in
876 1336 923 1361 eo
945 1322 1033 1361 loco
1055 1331 1130 1367 est,
1158 1321 1240 1360 dies
1261 1322 1336 1360 erit
1356 1323 1399 1360 in
1421 1331 1524 1360 terra
1543 1323 1590 1361 G.

179 1394 248 1430 Sin
272 1402 406 1430 autem
432 1402 532 1429 terra
564 1393 665 1428 infra
695 1393 960 1444 aequidialem
995 1393 1190 1430 circulum
1221 1393 1295 1429 BD
1326 1392 1586 1438 descenderit,

223 1531 258 1573 *)
308 1532 471 1562 Posterius
495 1532 568 1562 ideo
591 1541 742 1575 putatur,
776 1532 865 1576 quod
886 1532 1097 1563 antichthona
1125 1532 1230 1563 fictam
1254 1531 1366 1563 dicunt
1388 1532 1429 1562 ad
1452 1532 1585 1576 explen-

306 1594 381 1624 dum
405 1595 569 1626 denarium
591 1606 759 1626 numerum
782 1595 970 1627 coelestium
992 1596 1187 1639 globorum:
1219 1607 1251 1627 v.
1275 1595 1411 1626 Aristot.
1433 1595 1585 1638 Metaph.

307 1657 344 1693 1,
366 1654 396 1686 5.
442 1655 503 1686 Sed
525 1658 635 1700 potuit
662 1665 745 1688 terra
772 1668 833 1700 pro
861 1657 948 1688 binis
978 1658 1161 1696 numerari,
1196 1657 1257 1688 etsi
1281 1657 1493 1689 antichthona
1515 1669 1585 1689 cum

305 1718 422 1749 tellure
453 1719 678 1750 cohaerentem
706 1719 869 1750 Philolaus
899 1721 1076 1761 putaverit.
1121 1720 1228 1760 Atque
1251 1720 1311 1749 hoc
1331 1719 1506 1749 verisimile
1527 1718 1583 1757 fit,

306 1791 404 1823 quum
433 1787 466 1810 et
494 1779 702 1812 Aristotelem
734 1786 767 1810 et
788 1779 962 1810 Auctorem
984 1778 1177 1824 placitorum
1201 1779 1240 1811 de
1263 1779 1473 1812 antichthone
1496 1779 1584 1812 haud

307 1843 400 1873 aliter
424 1855 518 1884 quam
542 1842 581 1872 de
604 1844 754 1885 opposita
776 1850 905 1872 nostrae
927 1848 1012 1871 terra
1034 1842 1128 1884 loqui
1150 1842 1306 1872 videmus.
1353 1843 1443 1884 Quin
1466 1843 1584 1880 etiam,

305 1905 333 1935 si
364 1906 486 1936 coelum
516 1915 683 1943 numeres,
720 1902 808 1947 quod
835 1903 931 1935 multi
960 1903 1101 1944 faciunt,
1138 1905 1189 1936 vel
1211 1912 1339 1949 praeter
1370 1905 1583 1937 antichthona

305 1967 413 1999 decem
443 1969 594 2012 sphaerae
624 1977 720 1999 sunt:
763 1968 913 2009 quocirca
945 1966 1130 1998 Aristotelis
1162 1967 1262 2000 effato
1294 1969 1391 2000 etiam
1425 1969 1582 1998 minorem

300 2029 394 2060 fidem
424 2029 600 2061 habuerim.
645 2030 782 2061 Coelum
811 2028 1020 2060 antichthona
1051 2039 1119 2060 esse
1148 2030 1259 2073 inepte
1291 2037 1398 2062 censet
1429 2029 1583 2062 Clemens

299 2092 396 2124 Alex.
421 2092 539 2125 Strom.
563 2094 605 2132 V,
626 2106 659 2137 p.
677 2093 748 2132 614.

1257 2155 1324 2206 (3)
