1784 2512
188 129 266 162 XIV

188 223 375 261 maiorem
396 220 611 258 iudicaret:
649 231 892 271 quamquam
921 234 1004 260 rem
1031 234 1112 258 non
1135 223 1373 275 argumentis
1395 223 1595 276 probavit,

184 293 250 332 sed
278 301 431 330 tantum
454 291 505 328 ita
524 291 677 342 posuit,
711 290 873 328 Seleuco
896 292 1058 344 posthac
1085 292 1254 330 rationes
1276 293 1493 332 adiiciente.
1510 293 1546 344 ²²)

288 364 361 400 Sed
394 371 486 398 ante
523 371 670 399 ceteros
708 361 908 400 Philolaus
935 362 1008 400 sub
1044 363 1144 414 ipsos
1174 365 1323 401 natales
1356 364 1446 401 novi
1479 373 1596 415 syste-

187 436 296 472 matis
333 432 525 470 mundani
570 433 619 470 ab
672 432 880 470 inventore
920 433 1084 484 eiusque
1128 434 1296 476 asseclis,
1358 435 1595 486 Copernico,

186 503 406 549 Gassendo,
447 503 664 548 Bullialdo,
708 503 775 554 qui
816 504 922 540 illius
959 504 1121 541 nomine
1151 504 1340 542 eximium
1373 505 1522 543 librum
1546 504 1595 542 de

181 589 273 613 vera
312 575 452 613 mundi
480 577 772 614 conslructione
803 575 1015 627 inscripsit,
1056 576 1233 613 eiusdem
1269 584 1408 613 auctor
1440 575 1597 614 habitus

180 655 251 693 est3
279 647 386 698 quod
414 647 534 697 quale
558 647 629 693 sit,
656 647 727 684 hac
750 647 904 684 ratione
931 660 1090 698 prorsus
1119 646 1391 699 intelligemus.
1424 646 1599 699 Scriptor

178 717 419 769 placitorum
438 717 508 768 Μ)
534 724 583 759 Οἱ
607 724 675 769 μὲν
694 719 831 763 ἄλλοι,
860 717 1014 768 inquit,
1040 721 1170 768 μένειν
1201 721 1272 763 τὴν
1294 724 1375 769 γῆν·
1404 721 1596 762 Φιλόλαος

180 789 220 830 δὲ
245 795 266 829 ὁ
292 794 557 845 Πυθαγόρειος
588 794 711 842 κύκλῳ
735 793 1022 846 περιφέρεσὲαι
1042 792 1128 845 περὶ
1154 793 1201 829 τὸ
1229 795 1303 844 πῦρ
1327 792 1431 828 κατὰ
1451 792 1597 827 κύκλου

178 862 317 907 λοξοῦ,
362 866 628 915 ὁμοιοτρόπως
659 865 749 914 ἡλίῳ
785 864 851 900 καὶ
883 865 1034 915 σελήνῃ.
1099 861 1150 905 δι
1177 861 1374 910 Diogenes
1395 858 1486 908 ***):
1532 862 1597 898 καὶ

178 934 395 979 (Φιλόλαος
420 931 546 979 δοκεῖ)
575 935 645 975 τὴν
667 938 735 980 γῆν
761 937 958 969 κινεῖσθαι
986 935 1090 968 κατὰ
1111 934 1255 969 κύκλον
1278 937 1431 983 πρῶτον
1455 935 1598 975 εἰπεῖν,

177 1005 215 1039 οἱ
247 1000 287 1040 δὲ
312 1003 458 1039 Ἱκέταν
481 1005 750 1053 Συρακούσιον
782 1003 922 1056 φασίν.
977 1000 1098 1037 Vides
1133 1013 1178 1037 ex
1206 1000 1331 1052 priori
1366 1001 1476 1043 loco,
1514 1013 1597 1037 non

175 1071 415 1109 rotationem
446 1080 572 1109 terrae
593 1071 751 1108 ‘circum
773 1084 886 1108 axem
908 1085 929 1107 a
951 1070 1131 1109 Philolao
1161 1070 1392 1123 significari,
1429 1070 1496 1108 sed
1520 1084 1599 1108 mo-

176 1151 261 1180 tum
295 1142 445 1180 circum
481 1142 600 1179 aliam
629 1142 830 1193 quandam
868 1144 1095 1195 sphaeram,
1151 1156 1234 1180 non
1275 1151 1406 1181 tamen
1448 1142 1599 1179 circum

175 1214 312 1256 solem,
342 1213 408 1250 sed
429 1214 560 1265 potius
586 1228 664 1251 una
688 1228 778 1251 cum
800 1214 882 1251 sole
905 1223 942 1252 et
964 1214 1059 1251 luna
1085 1214 1235 1252 circum
1260 1215 1436 1266 aliquem
1457 1215 1600 1266 ignem.

178 1283 365 1320 Classicus
386 1283 429 1319 in
457 1297 542 1320 eam
567 1297 651 1320 rem
673 1285 783 1320 locus
810 1292 866 1320 est
894 1284 1107 1320 Aristotelis
1129 1287 1183 1326 †):
1228 1289 1429 1327 Ἑναντίως
1455 1290 1493 1322 οἱ
1515 1288 1601 1338 περὶ

178 1358 249 1399 τὴν
271 1357 471 1402 Ἰταλίαν,
499 1359 734 1406 καλούμενοι
761 1356 801 1395 δὲ
824 1359 1089 1411 Πυὲαγόρειοι
1111 1359 1313 1406 λέγουσιν·
1343 1357 1407 1394 ἐπὶ
1432 1359 1501 1404 μὲν
1527 1358 1598 1409 γὰρ

218 1547 253 1587 *)
303 1549 367 1579 Hic
384 1560 495 1579 sensus
514 1558 563 1580 est
582 1550 647 1581 loci
662 1550 845 1581 Plutarchei
862 1550 894 1580 in
915 1550 980 1592 Qu.
1000 1550 1096 1580 Platt.
1119 1545 1264 1592 ὕστερον
1287 1547 1513 1590 Ἀρίσταρχος
1539 1545 1598 1576 καὶ

302 1609 465 1647 Σέλευκος
486 1611 755 1649 ἀπεδείκνυσαν,
786 1612 804 1641 ὁ
829 1612 887 1652 μὲν
909 1611 1159 1652 ὑποτιθέμενος
1184 1609 1307 1651 μόνον,
1338 1610 1356 1640 ὁ
1378 1609 1414 1640 δὲ
1437 1609 1598 1644 Σέλευκος

294 1673 360 1704 καὶ
382 1672 668 1716 ἀποφαινόμενος.
714 1674 792 1706 Non
817 1674 914 1705 video
940 1682 1067 1712 tamen,
1097 1674 1155 1715 qui
1173 1674 1284 1717 negari
1302 1673 1407 1715 possit
1426 1684 1481 1704 eos
1502 1682 1598 1702 nosse

300 1735 334 1765 id
368 1744 529 1776 systema,
569 1736 657 1778 quod
690 1736 893 1779 Copernicus
925 1736 1063 1768 detexit.
1115 1735 1180 1767 Sed
1209 1735 1251 1767 cf.
1284 1734 1482 1768 Schauhach.
1511 1734 1595 1765 Hist.

305 1806 423 1830 astron.
449 1799 505 1830 Gr.
525 1811 557 1843 p.
575 1798 639 1841 469
653 1810 703 1842 sq.

217 1880 270 1922 **)
300 1880 371 1918 111,
394 1894 423 1925 7.

219 1963 296 2005 ***)
325 1965 424 2003 vm,
447 1964 501 1998 85.

221 2043 254 2083 †)
304 2043 344 2075 de
367 2044 458 2075 coelo
481 2045 533 2083 11,
560 2045 606 2077 ιδ.
