1784 2512
264 147 358 179 XXX

266 239 336 285 tis;
375 234 440 274 cui
477 233 662 288 opinioni
690 245 773 271 non
805 230 907 271 male
937 231 1143 277 convenit,
1170 231 1282 284 quod
1310 244 1428 285 supra
1454 245 1501 271 ex
1528 233 1620 286 nep.
1641 234 1687 272 X.

264 309 491 351 retulimus,
517 314 555 344 et
577 305 687 357 quod
715 307 758 342 in
781 305 944 342 Timaeo
972 304 1176 342 mundana
1200 304 1331 341 anima
1358 312 1578 342 extremum
1598 305 1689 342 uni·

265 381 366 421 versi
395 378 589 419 ambitum
616 376 863 417 circumdare
897 376 1077 416 traditur.
1128 377 1184 415 Ac
1203 375 1345 415 similia
1373 390 1420 415 ex
1444 375 1625 415 Philolao
1651 386 1690 415 et

264 450 501 490 Parmenide
525 450 656 486 statim
681 449 916 486 referentur.

365 523 450 560 Iam
473 535 551 573 qua
573 521 733 559 ratione
754 521 856 558 circa
881 521 1043 560 Vestam
1069 528 1222 559 ceterae
1245 517 1387 556 mundi
1409 527 1539 571 partes
1560 518 1689 571 dispo-

260 593 358 631 sitae
391 593 490 640 sint,
525 602 565 631 et
597 593 734 645 quales
767 592 992 631 animarum
1022 607 1095 646 per
1124 606 1186 631 eas
1219 600 1348 630 motus
1385 591 1533 642 fingere
1573 590 1689 629 nobis

261 664 494 712 debeamus,
526 664 672 705 clarius
697 665 765 702 flet
791 665 831 701 in
858 663 933 702 hac
962 664 1096 716 figura.

358 1449 566 1488 Proximus
586 1449 729 1488 Vestae
751 1456 879 1487 terrae
904 1450 1244 1502 orbislponendus
1267 1458 1340 1496 est,
1368 1458 1413 1487 ut
1430 1462 1565 1488 omnes
1582 1459 1686 1488 vete-

257 1534 317 1559 res
340 1529 537 1567 statuunt,
575 1521 650 1560 nisi
679 1521 790 1574 quod
824 1522 1013 1560 nonnulli
1044 1520 1305 1561 antichthona
1334 1531 1372 1560 et
1396 1523 1541 1560 similes
1568 1524 1686 1560 etiam

257 1593 355 1629 alios
378 1594 514 1644 globos
542 1594 578 1631 ei
599 1594 836 1631 subiiciunt:
866 1594 933 1631 ille
959 1595 1101 1646 igitur,
1127 1594 1158 1632 si
1181 1594 1223 1631 in
1250 1594 1279 1630 C
1302 1602 1358 1631 est
1378 1593 1516 1637 Vesta,
1544 1594 1618 1630 erit
1643 1594 1685 1630 in

255 1664 419 1715 regione
449 1664 556 1701 orbis
587 1664 716 1701 DFE.
777 1664 903 1715 Supra
938 1672 1084 1701 terram
1117 1664 1397 1702 collocandum
1425 1664 1597 1709 coelum,
1639 1678 1686 1701 ex

257 1743 363 1779 octo,
392 1744 436 1772 ut
455 1736 498 1772 in
512 1736 675 1773 Timaeo
693 1743 731 1772 et
749 1735 969 1787 Republica
992 1735 1192 1782 videmus,
1212 1735 1376 1773 orbibus
1395 1744 1685 1779 constructum,

258 1804 329 1855 qui
353 1806 429 1843 sint
446 1807 553 1845 inter
569 1806 739 1844 circulos
764 1807 871 1843 KGI
900 1816 939 1844 et
966 1808 1040 1844 BH
1052 1810 1091 1845 A.
1133 1810 1243 1846 Inter
1263 1817 1460 1846 terrenam
1481 1807 1685 1858 regionem

255 1883 296 1911 et
323 1875 507 1914 infimum
534 1879 634 1915 coeli
663 1879 819 1922 orbem,
847 1879 967 1915 lunae
1000 1889 1118 1930 puta,
1153 1880 1286 1917 fornix
1312 1888 1384 1922 est,
1418 1879 1488 1929 qui
1512 1878 1684 1930 comple-

255 1945 379 1983 ctitur
403 1946 575 1999 spatium
608 1949 860 1986 interiectum
888 1950 1048 1987 circulis
1076 1950 1196 1987 DFE
1224 1961 1263 1988 et
1295 1950 1415 1988 KGI.
1475 1950 1562 1987 Hoc
1599 1963 1682 2002 spa-

260 2014 359 2056 tium
397 2018 470 2055 sub
499 2019 610 2058 coelo
645 2020 818 2072 positum
844 2031 901 2060 est
930 2027 1164 2076 ὐπουράνιος
1198 2027 1312 2072 ἁψὶς,
1349 2032 1395 2060 ut
1425 2023 1468 2061 in
1499 2021 1679 2059 Phaedro
