1784 2512
190 135 254 167 ΧΠ

189 234 314 263 terrae
328 221 473 260 rotatio
495 222 645 259 circum
663 231 771 257 axem
787 218 1038 264 adscribitur,
1057 218 1106 258 de
1121 232 1202 272 quo
1221 220 1358 259 Cicero
1366 221 1414 272 *):
1441 222 1596 264 Hicetas

188 295 431 346 Syracusius,
455 303 495 330 ut
514 296 570 329 αιί
600 293 880 341 Theophrastus
894 289 969 339 **),
1002 292 1159 335 coelum,
1185 293 1315 337 solem,
1340 292 1485 339 lunam,
1510 296 1596 332 stel-

186 366 257 409 las,
284 377 418 415 supera
435 364 597 415 denique
614 366 743 399 omnia
762 371 867 399 stare
885 370 1024 407 censet,
1051 374 1170 413 neque
1182 372 1337 411 praeter·
1355 372 1495 401 terram
1515 379 1595 403 rem

184 437 297 473 ullam
326 439 366 470 in
391 436 528 471 mundo
550 438 688 471 moveri
714 434 910 485 (planetas
928 432 1064 484 excipe
1082 441 1122 469 et
1142 433 1313 484 proinde
1337 436 1453 472 etiam
1472 437 1595 475 solem

183 515 223 546 et
245 506 405 552 lunam,
442 518 513 544 suo
541 518 721 558 quosque
750 517 859 543 anno
890 503 1028 543 orbem
1061 512 1190 543 motus
1218 504 1279 543 sui
1308 506 1593 558 perficientes):

180 590 279 628 quae
302 591 413 629 quum
429 580 567 613 circum
588 590 703 614 axem
722 590 761 614 se
777 590 924 613 summa
941 576 1130 612 celeritate
1147 585 1340 614 convertat
1359 586 1394 613 et
1408 587 1596 630 torqueat,

178 649 309 686 eadem
332 649 435 700 affici
455 652 601 693 omnia,
628 651 739 701 quasi
760 657 884 686 stante
908 658 1013 685 terra
1036 647 1177 685 coelum
1201 657 1416 686 moveretur.
1467 650 1596 702 Atque

175 721 266 767 Ιιοο,
303 720 459 758 Tullius
488 720 635 773 pergit,
671 724 781 757 eliam
808 720 1005 757 Platonem
1033 722 1074 756 in
1104 721 1259 757 Timaeo
1286 719 1413 757 dicere
1437 720 1595 771 quidam

175 792 429 836 arbitrantur,
466 793 536 830 sed
551 793 679 842 paullo
705 792 905 829 obscuritas.
957 790 1069 827 Idem
1093 790 1245 842 placuit
1268 790 1470 828 Heraclidi
1494 791 1595 829 Pon-

174 863 270 906 tico,
299 863 473 900 Platonis
493 863 708 915 discipulo,
736 872 774 900 et
797 862 1006 914 Ecphanto
1028 861 1286 912 Pythagoreo.
1301 861 1376 912 ***)
1408 861 1482 899 Sed
1510 875 1594 899 mo-

172 941 257 970 tum
285 942 414 970 terrae
439 933 590 969 circum
608 934 732 970 solem
756 946 921 981 unaque
944 932 1028 968 eius
1046 933 1284 969 rotationem
1309 933 1459 969 circum
1480 946 1594 970 axem

170 1001 370 1039 Cleanthis
393 1009 571 1054 tempore
593 1001 748 1038 invenit
766 1001 916 1038 Samius
938 999 1199 1045 Aristarchus,
1227 1009 1348 1052 quem
1364 1001 1431 1039 ille
1452 1001 1592 1054 impie-

169 1072 258 1110 tatis
285 1072 550 1110 accusandum
576 1086 598 1109 a
619 1072 780 1109 Graecis
806 1085 885 1109 esse
912 1071 1115 1115 censebat,
1152 1071 1263 1122 quod
1290 1072 1464 1108 universi
1492 1073 1592 1110 lares

165 1142 413 1195 ,Vestamque
437 1143 526 1181 loco
546 1156 706 1181 movere
725 1156 840 1180 ausus
863 1150 977 1185 esset,
1004 1142 1071 1182 ὅτι
1096 1145 1319 1199 φαινόμενα,
1338 1144 1474 1190 σώζειν
1496 1147 1589 1198 ἀνὴρ

294 1288 442 1327 Reperi‚
468 1288 596 1329 inquit,
615 1288 708 1327 apud
722 1287 926 1323 Ciceronem,
943 1288 1087 1327 primum
1095 1288 1255 1319 Nicetam
1271 1290 1451 1327 scripsisse
1464 1297 1589 1319 terram

294 1350 460 1380 moveri..
474 1372 481 1379 .
514 1350 598 1380 Inde
622 1351 734 1390 igitur
756 1350 959 1380 occasionem
986 1356 1122 1387 nactus,
1158 1350 1255 1388 coepi
1276 1356 1309 1379 ec
1332 1360 1392 1390 ego
1412 1349 1455 1380 de
1479 1356 1591 1380 terrae

293 1410 483 1443 mobilitate
503 1412 667 1453 cogitare.
701 1411 764 1443 Sed
786 1412 937 1443 Hicetam
959 1411 1212 1455 Pythagoricum
1236 1410 1335 1442 fuisse
1357 1422 1422 1443 non
1448 1420 1586 1443 constat.

292 1473 468 1515 vulgarem
493 1474 532 1503 de
555 1474 704 1504 Philolao
725 1475 945 1516 Pythagorico
970 1475 1158 1516 opinionem
1185 1475 1319 1516 repetiit
1341 1475 1392 1504 vir
1415 1474 1530 1504 doctus
1554 1482 1587 1503 et

292 1534 481 1578 ingeniosus
492 1556 503 1574 ,
519 1534 694 1567 Prevostus
711 1536 745 1566 in
762 1534 961 1567 Commentt.
974 1535 1046 1567 Soc.
1064 1534 1182 1568 doctrr.
1194 1535 1301 1567 Berol.
1317 1534 1441 1567 GaIIIce
1457 1533 1585 1577 scriptis

295 1596 413 1639 philos.
439 1600 558 1638 specul.
578 1597 669 1629 1802.
692 1612 724 1640 p.
743 1597 785 1639 75
804 1611 876 1640 sqq.

206 1682 243 1723 ¹¹)
293 1681 358 1724 Qu,
378 1682 479 1713 Acad.
498 1684 557 1722 IV,
574 1683 627 1726 39.
660 1682 768 1726 Vulgo
793 1682 840 1713 ihi
864 1682 999 1713 Nicetas
1022 1689 1090 1712 eat:
1123 1680 1179 1712 sed
1193 1679 1327 1713 Ἱκέταν
1347 1688 1434 1711 recte
1451 1680 1586 1711 exhibet

291 1744 394 1790 Diog.
412 1745 454 1776 L.
480 1746 582 1784 VIII,
603 1745 655 1778 85.
680 1746 737 1778 ubi
755 1758 786 1777 v.
813 1745 924 1791 Intpp.

211 1828 267 1869 **>
295 1829 467 1874 Scripserat
483 1834 511 1863 is
526 1844 585 1864 sex
609 1832 713 1864 libros
730 1832 977 1876 ἀστρολογικῆς
1000 1831 1175 1876 ἱστορίας,
1198 1832 1284 1863 unde
1302 1833 1365 1862 hoc
1381 1838 1430 1861 est
1451 1838 1483 1861 et
1497 1830 1584 1873 quod

293 1903 372 1923 mox
398 1905 439 1923 ex
461 1895 632 1927 Plutarcho
654 1895 800 1928 afferam.
832 1895 885 1927 Cf.
903 1896 1036 1940 Menag.
1060 1895 1100 1926 ad
1118 1896 1220 1939 Diog.
1241 1896 1282 1925 L.
1300 1895 1338 1931 V,
1362 1892 1413 1926 50.

211 1977 288 2018 ***)
316 1979 368 2009 De
387 1988 528 2023 utroque
551 1993 583 2012 v.
605 1982 828 2013 Plutarcheum
850 1982 1040 2025 scriptorem
1059 1981 1099 2012 de
1117 1983 1217 2026 place.
1238 1982 1375 2026 philoss.
1391 1982 1464 2021 111,
1489 1991 1520 2022 7.
1542 1980 1581 2011 de

293 2039 467 2072 Heraclide
488 2043 636 2075 Proclum
659 2045 692 2074 in
717 2045 801 2075 Tim.
824 2046 894 2083 111,
916 2056 949 2087 p,
967 2043 1040 2077 281.
