<?xml version="1.0" encoding="UTF-8"?>
<!DOCTYPE html PUBLIC "-//W3C//DTD XHTML 1.0 Transitional//EN"
    "http://www.w3.org/TR/xhtml1/DTD/xhtml1-transitional.dtd">
<html xmlns="http://www.w3.org/1999/xhtml" xml:lang="en" lang="en">
 <head>
  <title>
</title>
<meta http-equiv="Content-Type" content="text/html;charset=utf-8" />
  <meta name='ocr-system' content='tesseract 3.04.00' />
  <meta name='ocr-capabilities' content='ocr_page ocr_carea ocr_par ocr_line ocrx_word'/>
</head>
<body>
  <div class='ocr_page' id='page_1' title='image "4627576_0035.png"; bbox 0 0 1784 2512; ppageno 0'>
   <div class='ocr_carea' id='block_1_1' title="bbox 0 0 1784 55">
    <p class='ocr_par' dir='ltr' id='par_1_1' title="bbox 0 0 1784 55">
     <span class='ocr_line' id='line_1_1' title="bbox 0 0 1784 55; baseline 0 2457"><span class='ocrx_word' id='word_1_1' title='bbox 0 0 1784 55; x_wconf 95' lang='lat' dir='ltr'><strong> </strong></span> 
     </span>
    </p>
   </div>
   <div class='ocr_carea' id='block_1_2' title="bbox 1383 208 1511 242">
    <p class='ocr_par' dir='ltr' id='par_1_2' title="bbox 1383 208 1511 242">
     <span class='ocr_line' id='line_1_2' title="bbox 1383 208 1511 242; baseline 0.008 -2"><span class='ocrx_word' id='word_1_2' title='bbox 1383 208 1511 242; x_wconf 84' lang='lat' dir='ltr'>XXVII</span> 
     </span>
    </p>
   </div>
   <div class='ocr_carea' id='block_1_3' title="bbox 78 296 1555 1776">
    <p class='ocr_par' dir='ltr' id='par_1_3' title="bbox 82 296 1513 1136">
     <span class='ocr_line' id='line_1_3' title="bbox 94 296 1513 356; baseline -0.006 -13"><span class='ocrx_word' id='word_1_3' title='bbox 94 305 274 356; x_wconf 87' lang='lat' dir='ltr'><strong>sequitur</strong></span> <span class='ocrx_word' id='word_1_4' title='bbox 290 301 401 339; x_wconf 83' lang='lat' dir='ltr'><strong>Plato</strong></span> <span class='ocrx_word' id='word_1_5' title='bbox 427 301 469 338; x_wconf 90' lang='lat' dir='ltr'><strong>in</strong></span> <span class='ocrx_word' id='word_1_6' title='bbox 494 300 672 343; x_wconf 85' lang='lat' dir='ltr'><strong>Timaeo,</strong></span> <span class='ocrx_word' id='word_1_7' title='bbox 698 297 770 336; x_wconf 89' lang='lat' dir='ltr'><strong>ubi</strong></span> <span class='ocrx_word' id='word_1_8' title='bbox 796 296 909 334; x_wconf 82' lang='lat' dir='ltr'><strong>dicit:</strong></span> <span class='ocrx_word' id='word_1_9' title='bbox 935 300 1067 348; x_wconf 81' lang='grc' dir='ltr'>Ψυχὴν</span> <span class='ocrx_word' id='word_1_10' title='bbox 1090 297 1130 340; x_wconf 80' lang='grc' dir='ltr'><strong>δὲ</strong></span> <span class='ocrx_word' id='word_1_11' title='bbox 1151 301 1203 341; x_wconf 84' lang='grc' dir='ltr'><strong>εἰς</strong></span> <span class='ocrx_word' id='word_1_12' title='bbox 1229 303 1276 337; x_wconf 88' lang='grc' dir='ltr'><strong>τὸ</strong></span> <span class='ocrx_word' id='word_1_13' title='bbox 1304 304 1426 348; x_wconf 79' lang='grc' dir='ltr'><strong><em>μέσον</em></strong></span> <span class='ocrx_word' id='word_1_14' title='bbox 1447 307 1513 341; x_wconf 86' lang='grc' dir='ltr'><strong>αὐ.</strong></span> 
     </span>
     <span class='ocr_line' id='line_1_4' title="bbox 93 368 1507 427; baseline -0.003 -13"><span class='ocrx_word' id='word_1_15' title='bbox 93 382 169 416; x_wconf 69' lang='grc' dir='ltr'><em>τοῦ·</em></span> <span class='ocrx_word' id='word_1_16' title='bbox 194 380 297 424; x_wconf 80' lang='grc' dir='ltr'><strong>(τοῦ</strong></span> <span class='ocrx_word' id='word_1_17' title='bbox 324 375 519 427; x_wconf 74' lang='grc' dir='ltr'>οὐρανοῦ)</span> <span class='ocrx_word' id='word_1_18' title='bbox 549 374 652 419; x_wconf 61' lang='grc' dir='ltr'>θεὶς,</span> <span class='ocrx_word' id='word_1_19' title='bbox 685 370 752 411; x_wconf 85' lang='grc' dir='ltr'><strong>διὰ</strong></span> <span class='ocrx_word' id='word_1_20' title='bbox 784 373 929 414; x_wconf 81' lang='grc' dir='ltr'><strong><em>παντός</em></strong></span> <span class='ocrx_word' id='word_1_21' title='bbox 952 385 995 408; x_wconf 87' lang='grc' dir='ltr'><strong>τε</strong></span> <span class='ocrx_word' id='word_1_22' title='bbox 1022 368 1143 409; x_wconf 75' lang='grc' dir='ltr'><em>ἔτεινε</em></span> <span class='ocrx_word' id='word_1_23' title='bbox 1177 372 1242 409; x_wconf 81' lang='grc' dir='ltr'><strong>καὶ</strong></span> <span class='ocrx_word' id='word_1_24' title='bbox 1273 369 1336 408; x_wconf 76' lang='grc' dir='ltr'><strong>ἔτι</strong></span> <span class='ocrx_word' id='word_1_25' title='bbox 1365 373 1433 418; x_wconf 79' lang='grc' dir='ltr'><strong>ἔξω</strong></span> <span class='ocrx_word' id='word_1_26' title='bbox 1458 377 1507 412; x_wconf 84' lang='grc' dir='ltr'><strong>τὸ</strong></span> 
     </span>
     <span class='ocr_line' id='line_1_5' title="bbox 92 441 1508 498; baseline -0.004 -12"><span class='ocrx_word' id='word_1_27' title='bbox 92 452 203 496; x_wconf 82' lang='grc' dir='ltr'><em>σῶμα</em></span> <span class='ocrx_word' id='word_1_28' title='bbox 232 450 337 496; x_wconf 73' lang='grc' dir='ltr'><em>αὐτῇ</em></span> <span class='ocrx_word' id='word_1_29' title='bbox 364 441 653 498; x_wconf 65' lang='grc' dir='ltr'><em>περιεκάλυψεν.</em></span> <span class='ocrx_word' id='word_1_30' title='bbox 696 443 796 479; x_wconf 88' lang='lat' dir='ltr'><strong>Nam</strong></span> <span class='ocrx_word' id='word_1_31' title='bbox 827 445 874 481; x_wconf 90' lang='grc' dir='ltr'><strong>τὸ</strong></span> <span class='ocrx_word' id='word_1_32' title='bbox 908 444 1029 493; x_wconf 85' lang='grc' dir='ltr'><em>μέσον</em></span> <span class='ocrx_word' id='word_1_33' title='bbox 1057 450 1112 479; x_wconf 89' lang='lat' dir='ltr'><strong>est</strong></span> <span class='ocrx_word' id='word_1_34' title='bbox 1144 450 1326 480; x_wconf 83' lang='lat' dir='ltr'><strong>centrum</strong></span> <span class='ocrx_word' id='word_1_35' title='bbox 1361 450 1508 489; x_wconf 79' lang='lat' dir='ltr'><strong>terrae,</strong></span> 
     </span>
     <span class='ocr_line' id='line_1_6' title="bbox 89 513 1509 568; baseline 0.001 -16"><span class='ocrx_word' id='word_1_36' title='bbox 89 517 220 568; x_wconf 83' lang='lat' dir='ltr'><strong>quod,</strong></span> <span class='ocrx_word' id='word_1_37' title='bbox 255 528 380 565; x_wconf 85' lang='lat' dir='ltr'><strong>quum</strong></span> <span class='ocrx_word' id='word_1_38' title='bbox 408 524 511 553; x_wconf 90' lang='lat' dir='ltr'><strong>terra</strong></span> <span class='ocrx_word' id='word_1_39' title='bbox 542 515 585 552; x_wconf 89' lang='lat' dir='ltr'><strong>in</strong></span> <span class='ocrx_word' id='word_1_40' title='bbox 615 514 747 551; x_wconf 89' lang='lat' dir='ltr'><strong>medio</strong></span> <span class='ocrx_word' id='word_1_41' title='bbox 774 514 925 552; x_wconf 88' lang='lat' dir='ltr'><strong>mundo</strong></span> <span class='ocrx_word' id='word_1_42' title='bbox 956 513 1021 558; x_wconf 88' lang='lat' dir='ltr'><strong>sit,</strong></span> <span class='ocrx_word' id='word_1_43' title='bbox 1058 528 1139 551; x_wconf 89' lang='lat' dir='ltr'><strong>una</strong></span> <span class='ocrx_word' id='word_1_44' title='bbox 1167 523 1222 552; x_wconf 89' lang='lat' dir='ltr'><strong>est</strong></span> <span class='ocrx_word' id='word_1_45' title='bbox 1251 514 1393 552; x_wconf 89' lang='lat' dir='ltr'><strong>mundi</strong></span> <span class='ocrx_word' id='word_1_46' title='bbox 1418 529 1509 554; x_wconf 87' lang='lat' dir='ltr'><strong>cen·</strong></span> 
     </span>
     <span class='ocr_line' id='line_1_7' title="bbox 89 584 1507 637; baseline 0 -13"><span class='ocrx_word' id='word_1_47' title='bbox 89 596 211 630; x_wconf 82' lang='lat' dir='ltr'><strong>trum,</strong></span> <span class='ocrx_word' id='word_1_48' title='bbox 231 586 409 637; x_wconf 86' lang='lat' dir='ltr'><strong>quamvis</strong></span> <span class='ocrx_word' id='word_1_49' title='bbox 422 587 507 623; x_wconf 87' lang='lat' dir='ltr'><strong>aliis</strong></span> <span class='ocrx_word' id='word_1_50' title='bbox 528 586 795 637; x_wconf 83' lang='lat' dir='ltr'><strong>interpretum</strong></span> <span class='ocrx_word' id='word_1_51' title='bbox 815 585 953 630; x_wconf 90' lang='lat' dir='ltr'><strong>solem,</strong></span> <span class='ocrx_word' id='word_1_52' title='bbox 976 584 1062 622; x_wconf 88' lang='lat' dir='ltr'><strong>aliis</strong></span> <span class='ocrx_word' id='word_1_53' title='bbox 1083 586 1218 624; x_wconf 86' lang='lat' dir='ltr'><strong>lunam</strong></span> <span class='ocrx_word' id='word_1_54' title='bbox 1231 616 1240 631; x_wconf 92' lang='lat'><strong>,</strong></span> <span class='ocrx_word' id='word_1_55' title='bbox 1268 585 1354 624; x_wconf 82' lang='lat' dir='ltr'><strong>aliis</strong></span> <span class='ocrx_word' id='word_1_56' title='bbox 1369 586 1507 626; x_wconf 86' lang='lat' dir='ltr'><strong>orbem</strong></span> 
     </span>
     <span class='ocr_line' id='line_1_8' title="bbox 88 657 1505 710; baseline 0 -15"><span class='ocrx_word' id='word_1_57' title='bbox 88 660 254 695; x_wconf 81' lang='lat' dir='ltr'><strong>fixarum</strong></span> <span class='ocrx_word' id='word_1_58' title='bbox 284 658 615 709; x_wconf 82' lang='lat' dir='ltr'><strong>intelligentibus,</strong></span> <span class='ocrx_word' id='word_1_59' title='bbox 652 657 821 708; x_wconf 85' lang='lat' dir='ltr'><strong>aliisque</strong></span> <span class='ocrx_word' id='word_1_60' title='bbox 853 658 895 694; x_wconf 89' lang='lat' dir='ltr'><strong>in</strong></span> <span class='ocrx_word' id='word_1_61' title='bbox 921 657 1094 694; x_wconf 85' lang='lat' dir='ltr'><strong>zodiaco</strong></span> <span class='ocrx_word' id='word_1_62' title='bbox 1122 658 1265 696; x_wconf 81' lang='lat' dir='ltr'><strong>sivein</strong></span> <span class='ocrx_word' id='word_1_63' title='bbox 1287 659 1505 710; x_wconf 84' lang='lat' dir='ltr'>aequidiali</span> 
     </span>
     <span class='ocr_line' id='line_1_9' title="bbox 86 728 1505 781; baseline 0.002 -15"><span class='ocrx_word' id='word_1_64' title='bbox 86 728 183 766; x_wconf 87' lang='lat' dir='ltr'><strong>orbe</strong></span> <span class='ocrx_word' id='word_1_65' title='bbox 206 729 382 767; x_wconf 89' lang='lat' dir='ltr'><strong>medium</strong></span> <span class='ocrx_word' id='word_1_66' title='bbox 412 729 718 781; x_wconf 85' lang='lat' dir='ltr'><strong>quaerentibus,</strong></span> <span class='ocrx_word' id='word_1_67' title='bbox 758 730 844 768; x_wconf 85' lang='lat' dir='ltr'><strong>aliis</strong></span> <span class='ocrx_word' id='word_1_68' title='bbox 872 729 1033 768; x_wconf 90' lang='lat' dir='ltr'><strong>nullum</strong></span> <span class='ocrx_word' id='word_1_69' title='bbox 1061 730 1222 769; x_wconf 85' lang='lat' dir='ltr'><strong>omnino</strong></span> <span class='ocrx_word' id='word_1_70' title='bbox 1248 730 1381 769; x_wconf 89' lang='lat' dir='ltr'><strong>locum</strong></span> <span class='ocrx_word' id='word_1_71' title='bbox 1409 730 1505 769; x_wconf 88' lang='lat' dir='ltr'><strong>defi-</strong></span> 
     </span>
     <span class='ocr_line' id='line_1_10' title="bbox 86 800 1505 855; baseline 0.001 -18"><span class='ocrx_word' id='word_1_72' title='bbox 86 800 340 849; x_wconf 69' lang='lat' dir='ltr'><strong>nientibus.*)</strong></span> <span class='ocrx_word' id='word_1_73' title='bbox 373 801 431 837; x_wconf 89' lang='lat' dir='ltr'><strong>Ab</strong></span> <span class='ocrx_word' id='word_1_74' title='bbox 449 801 523 838; x_wconf 88' lang='lat' dir='ltr'><strong>hac</strong></span> <span class='ocrx_word' id='word_1_75' title='bbox 541 801 735 839; x_wconf 86' lang='lat' dir='ltr'><strong>sententia</strong></span> <span class='ocrx_word' id='word_1_76' title='bbox 753 802 909 839; x_wconf 82' lang='lat' dir='ltr'><strong>stabant</strong></span> <span class='ocrx_word' id='word_1_77' title='bbox 929 801 1173 855; x_wconf 73' lang='lat' dir='ltr'><strong>Porphyrius</strong></span> <span class='ocrx_word' id='word_1_78' title='bbox 1192 811 1229 839; x_wconf 87' lang='lat' dir='ltr'><strong>et</strong></span> <span class='ocrx_word' id='word_1_79' title='bbox 1246 801 1505 847; x_wconf 86' lang='lat' dir='ltr'><strong>lamblichus,</strong></span> 
     </span>
     <span class='ocr_line' id='line_1_11' title="bbox 85 872 1502 927; baseline 0 -18"><span class='ocrx_word' id='word_1_80' title='bbox 85 886 166 910; x_wconf 88' lang='lat' dir='ltr'><strong>non</strong></span> <span class='ocrx_word' id='word_1_81' title='bbox 198 872 388 910; x_wconf 85' lang='lat' dir='ltr'><strong>coarctari</strong></span> <span class='ocrx_word' id='word_1_82' title='bbox 414 873 457 910; x_wconf 90' lang='lat' dir='ltr'><strong>in</strong></span> <span class='ocrx_word' id='word_1_83' title='bbox 486 882 640 911; x_wconf 85' lang='lat' dir='ltr'><strong>certum</strong></span> <span class='ocrx_word' id='word_1_84' title='bbox 668 874 838 927; x_wconf 88' lang='lat' dir='ltr'><strong>spatium</strong></span> <span class='ocrx_word' id='word_1_85' title='bbox 870 874 1045 912; x_wconf 87' lang='lat' dir='ltr'><strong>animam</strong></span> <span class='ocrx_word' id='word_1_86' title='bbox 1074 874 1216 911; x_wconf 89' lang='lat' dir='ltr'><strong>mundi</strong></span> <span class='ocrx_word' id='word_1_87' title='bbox 1246 873 1502 926; x_wconf 85' lang='lat' dir='ltr'><strong>postulantes:</strong></span> 
     </span>
     <span class='ocr_line' id='line_1_12' title="bbox 85 944 1504 997; baseline 0.001 -17"><span class='ocrx_word' id='word_1_88' title='bbox 85 953 123 980; x_wconf 85' lang='lat' dir='ltr'><strong>et</strong></span> <span class='ocrx_word' id='word_1_89' title='bbox 145 953 251 981; x_wconf 87' lang='lat' dir='ltr'><strong>recte</strong></span> <span class='ocrx_word' id='word_1_90' title='bbox 277 944 455 995; x_wconf 85' lang='lat' dir='ltr'><strong>quidem.-</strong></span> <span class='ocrx_word' id='word_1_91' title='bbox 485 954 615 982; x_wconf 89' lang='lat' dir='ltr'><strong>tamen</strong></span> <span class='ocrx_word' id='word_1_92' title='bbox 636 946 747 983; x_wconf 86' lang='lat' dir='ltr'><strong>Plato</strong></span> <span class='ocrx_word' id='word_1_93' title='bbox 769 945 986 997; x_wconf 85' lang='lat' dir='ltr'><strong>symbolice</strong></span> <span class='ocrx_word' id='word_1_94' title='bbox 1004 945 1177 982; x_wconf 88' lang='lat' dir='ltr'><strong>animam</strong></span> <span class='ocrx_word' id='word_1_95' title='bbox 1204 945 1246 981; x_wconf 89' lang='lat' dir='ltr'><strong>in</strong></span> <span class='ocrx_word' id='word_1_96' title='bbox 1271 952 1408 982; x_wconf 89' lang='lat' dir='ltr'><strong>centro</strong></span> <span class='ocrx_word' id='word_1_97' title='bbox 1432 958 1504 997; x_wconf 90' lang='lat' dir='ltr'><strong>po-</strong></span> 
     </span>
     <span class='ocr_line' id='line_1_13' title="bbox 83 1014 1504 1066; baseline 0.001 -17"><span class='ocrx_word' id='word_1_98' title='bbox 83 1014 162 1057; x_wconf 85' lang='lat' dir='ltr'><strong>nit,</strong></span> <span class='ocrx_word' id='word_1_99' title='bbox 190 1023 229 1051; x_wconf 84' lang='lat' dir='ltr'><strong>et</strong></span> <span class='ocrx_word' id='word_1_100' title='bbox 250 1028 297 1051; x_wconf 83' lang='lat' dir='ltr'><strong>cx</strong></span> <span class='ocrx_word' id='word_1_101' title='bbox 322 1028 369 1052; x_wconf 90' lang='lat' dir='ltr'><strong>eo</strong></span> <span class='ocrx_word' id='word_1_102' title='bbox 395 1029 467 1065; x_wconf 86' lang='lat' dir='ltr'><strong>per</strong></span> <span class='ocrx_word' id='word_1_103' title='bbox 494 1024 601 1052; x_wconf 87' lang='lat' dir='ltr'><strong>artus</strong></span> <span class='ocrx_word' id='word_1_104' title='bbox 629 1016 740 1066; x_wconf 88' lang='lat' dir='ltr'><strong>quasi</strong></span> <span class='ocrx_word' id='word_1_105' title='bbox 767 1017 909 1053; x_wconf 88' lang='lat' dir='ltr'><strong>mundi</strong></span> <span class='ocrx_word' id='word_1_106' title='bbox 933 1016 1137 1058; x_wconf 82' lang='lat' dir='ltr'><strong>diffusam,</strong></span> <span class='ocrx_word' id='word_1_107' title='bbox 1161 1024 1207 1051; x_wconf 84' lang='lat' dir='ltr'><strong>ut</strong></span> <span class='ocrx_word' id='word_1_108' title='bbox 1224 1016 1357 1051; x_wconf 86' lang='lat' dir='ltr'><strong>omnia</strong></span> <span class='ocrx_word' id='word_1_109' title='bbox 1379 1016 1504 1052; x_wconf 88' lang='lat' dir='ltr'><strong>conti-</strong></span> 
     </span>
     <span class='ocr_line' id='line_1_14' title="bbox 82 1084 1502 1136; baseline 0 -15"><span class='ocrx_word' id='word_1_110' title='bbox 82 1098 180 1122; x_wconf 86' lang='lat' dir='ltr'><strong>nens</strong></span> <span class='ocrx_word' id='word_1_111' title='bbox 212 1094 250 1122; x_wconf 91' lang='lat' dir='ltr'><strong>et</strong></span> <span class='ocrx_word' id='word_1_112' title='bbox 278 1086 320 1121; x_wconf 88' lang='lat' dir='ltr'><strong>in</strong></span> <span class='ocrx_word' id='word_1_113' title='bbox 349 1100 476 1122; x_wconf 90' lang='lat' dir='ltr'><strong>unum</strong></span> <span class='ocrx_word' id='word_1_114' title='bbox 503 1086 639 1123; x_wconf 82' lang='lat' dir='ltr'><strong>vivum</strong></span> <span class='ocrx_word' id='word_1_115' title='bbox 662 1098 807 1136; x_wconf 88' lang='lat' dir='ltr'><strong>corpus</strong></span> <span class='ocrx_word' id='word_1_116' title='bbox 834 1085 1080 1136; x_wconf 84' lang='lat' dir='ltr'><strong>coniungens</strong></span> <span class='ocrx_word' id='word_1_117' title='bbox 1105 1085 1189 1122; x_wconf 91' lang='lat' dir='ltr'><strong>eius</strong></span> <span class='ocrx_word' id='word_1_118' title='bbox 1214 1085 1271 1121; x_wconf 87' lang='lat' dir='ltr'><strong>vis</strong></span> <span class='ocrx_word' id='word_1_119' title='bbox 1295 1084 1502 1122; x_wconf 85' lang='lat' dir='ltr'><strong>indicetur.</strong></span> 
     </span>
    </p>

    <p class='ocr_par' dir='ltr' id='par_1_4' title="bbox 78 1155 1555 1776">
     <span class='ocr_line' id='line_1_15' title="bbox 182 1155 1501 1208; baseline 0.001 -16"><span class='ocrx_word' id='word_1_120' title='bbox 182 1155 257 1193; x_wconf 81' lang='lat' dir='ltr'><strong>Sed</strong></span> <span class='ocrx_word' id='word_1_121' title='bbox 280 1156 322 1192; x_wconf 90' lang='lat' dir='ltr'><strong>in</strong></span> <span class='ocrx_word' id='word_1_122' title='bbox 353 1155 548 1201; x_wconf 85' lang='lat' dir='ltr'><strong>Phaedro,</strong></span> <span class='ocrx_word' id='word_1_123' title='bbox 575 1155 646 1194; x_wconf 87' lang='lat' dir='ltr'><strong>ubi</strong></span> <span class='ocrx_word' id='word_1_124' title='bbox 675 1155 786 1193; x_wconf 89' lang='lat' dir='ltr'><strong>Plato</strong></span> <span class='ocrx_word' id='word_1_125' title='bbox 811 1155 966 1193; x_wconf 89' lang='lat' dir='ltr'><strong>iuvenis</strong></span> <span class='ocrx_word' id='word_1_126' title='bbox 988 1155 1120 1193; x_wconf 90' lang='lat' dir='ltr'><strong>adhuc</strong></span> <span class='ocrx_word' id='word_1_127' title='bbox 1146 1155 1189 1193; x_wconf 91' lang='lat' dir='ltr'><strong>in</strong></span> <span class='ocrx_word' id='word_1_128' title='bbox 1218 1155 1383 1208; x_wconf 82' lang='lat' dir='ltr'><strong>dialogis</strong></span> <span class='ocrx_word' id='word_1_129' title='bbox 1410 1155 1501 1193; x_wconf 89' lang='lat' dir='ltr'><strong>scri-</strong></span> 
     </span>
     <span class='ocr_line' id='line_1_16' title="bbox 80 1227 1500 1280; baseline -0.001 -16"><span class='ocrx_word' id='word_1_130' title='bbox 80 1227 220 1265; x_wconf 78' lang='lat' dir='ltr'><strong>bendis</strong></span> <span class='ocrx_word' id='word_1_131' title='bbox 246 1228 498 1272; x_wconf 89' lang='lat' dir='ltr'><strong>tirocinium,</strong></span> <span class='ocrx_word' id='word_1_132' title='bbox 535 1228 709 1280; x_wconf 86' lang='lat' dir='ltr'><strong>peritum</strong></span> <span class='ocrx_word' id='word_1_133' title='bbox 737 1227 901 1280; x_wconf 86' lang='lat' dir='ltr'><strong>quidem</strong></span> <span class='ocrx_word' id='word_1_134' title='bbox 924 1227 1027 1265; x_wconf 87' lang='lat' dir='ltr'><strong>illud</strong></span> <span class='ocrx_word' id='word_1_135' title='bbox 1051 1237 1089 1265; x_wconf 86' lang='lat' dir='ltr'><strong>et</strong></span> <span class='ocrx_word' id='word_1_136' title='bbox 1114 1228 1257 1265; x_wconf 80' lang='lat' dir='ltr'><strong>eximia</strong></span> <span class='ocrx_word' id='word_1_137' title='bbox 1283 1236 1367 1265; x_wconf 88' lang='lat' dir='ltr'><strong>arte</strong></span> <span class='ocrx_word' id='word_1_138' title='bbox 1393 1227 1500 1265; x_wconf 86' lang='lat' dir='ltr'><strong>insti-</strong></span> 
     </span>
     <span class='ocr_line' id='line_1_17' title="bbox 82 1299 1502 1352; baseline 0 -17"><span class='ocrx_word' id='word_1_139' title='bbox 82 1307 210 1336; x_wconf 87' lang='lat' dir='ltr'><strong>tutum</strong></span> <span class='ocrx_word' id='word_1_140' title='bbox 231 1313 396 1352; x_wconf 87' lang='lat' dir='ltr'><strong>ponens,</strong></span> <span class='ocrx_word' id='word_1_141' title='bbox 421 1300 615 1337; x_wconf 89' lang='lat' dir='ltr'><strong>mundani</strong></span> <span class='ocrx_word' id='word_1_142' title='bbox 629 1300 844 1352; x_wconf 79' lang='lat' dir='ltr'><strong>systematis</strong></span> <span class='ocrx_word' id='word_1_143' title='bbox 864 1299 1027 1337; x_wconf 79' lang='lat' dir='ltr'><strong>orbibus</strong></span> <span class='ocrx_word' id='word_1_144' title='bbox 1045 1299 1356 1351; x_wconf 81' lang='lat' dir='ltr'><strong>regionibusque</strong></span> <span class='ocrx_word' id='word_1_145' title='bbox 1371 1299 1502 1336; x_wconf 83' lang='lat' dir='ltr'><strong>utitur</strong></span> 
     </span>
     <span class='ocr_line' id='line_1_18' title="bbox 78 1369 1501 1422; baseline 0.001 -18"><span class='ocrx_word' id='word_1_146' title='bbox 78 1369 128 1405; x_wconf 84' lang='lat' dir='ltr'><strong>ad</strong></span> <span class='ocrx_word' id='word_1_147' title='bbox 150 1371 389 1420; x_wconf 87' lang='lat' dir='ltr'><strong>placitorum</strong></span> <span class='ocrx_word' id='word_1_148' title='bbox 403 1385 566 1407; x_wconf 87' lang='lat' dir='ltr'><strong>suorum</strong></span> <span class='ocrx_word' id='word_1_149' title='bbox 582 1371 840 1422; x_wconf 72' lang='lat' dir='ltr'><strong>symbolicam</strong></span> <span class='ocrx_word' id='word_1_150' title='bbox 858 1371 1182 1415; x_wconf 85' lang='lat' dir='ltr'><strong>declarationem,</strong></span> <span class='ocrx_word' id='word_1_151' title='bbox 1206 1369 1377 1407; x_wconf 88' lang='lat' dir='ltr'><strong>Philolai</strong></span> <span class='ocrx_word' id='word_1_152' title='bbox 1394 1383 1501 1406; x_wconf 91' lang='lat' dir='ltr'><strong>com-</strong></span> 
     </span>
     <span class='ocr_line' id='line_1_19' title="bbox 79 1440 1496 1494; baseline 0 -18"><span class='ocrx_word' id='word_1_153' title='bbox 79 1448 209 1477; x_wconf 88' lang='lat' dir='ltr'><strong>menta</strong></span> <span class='ocrx_word' id='word_1_154' title='bbox 233 1454 390 1492; x_wconf 85' lang='lat' dir='ltr'><strong>prorsus</strong></span> <span class='ocrx_word' id='word_1_155' title='bbox 418 1441 601 1494; x_wconf 85' lang='lat' dir='ltr'><strong>adoptata</strong></span> <span class='ocrx_word' id='word_1_156' title='bbox 628 1442 802 1493; x_wconf 85' lang='lat' dir='ltr'><strong>reperio,</strong></span> <span class='ocrx_word' id='word_1_157' title='bbox 837 1442 917 1479; x_wconf 79' lang='lat' dir='ltr'><strong>sive</strong></span> <span class='ocrx_word' id='word_1_158' title='bbox 938 1455 1003 1486; x_wconf 89' lang='lat' dir='ltr'><strong>ea,</strong></span> <span class='ocrx_word' id='word_1_159' title='bbox 1039 1451 1084 1479; x_wconf 92' lang='lat' dir='ltr'><strong>ut</strong></span> <span class='ocrx_word' id='word_1_160' title='bbox 1113 1442 1188 1478; x_wconf 87' lang='lat' dir='ltr'><strong>alia</strong></span> <span class='ocrx_word' id='word_1_161' title='bbox 1214 1440 1496 1492; x_wconf 81' lang='lat' dir='ltr'><strong>Pythagoricae</strong></span> 
     </span>
     <span class='ocr_line' id='line_1_20' title="bbox 79 1510 1495 1564; baseline 0.001 -18"><span class='ocrx_word' id='word_1_162' title='bbox 79 1510 310 1562; x_wconf 85' lang='lat' dir='ltr'><strong>disciplinae</strong></span> <span class='ocrx_word' id='word_1_163' title='bbox 336 1512 377 1548; x_wconf 86' lang='lat' dir='ltr'><strong>in</strong></span> <span class='ocrx_word' id='word_1_164' title='bbox 412 1526 457 1549; x_wconf 93' lang='lat' dir='ltr'><strong>eo</strong></span> <span class='ocrx_word' id='word_1_165' title='bbox 482 1513 685 1564; x_wconf 89' lang='lat' dir='ltr'><strong>colloquio</strong></span> <span class='ocrx_word' id='word_1_166' title='bbox 710 1513 888 1564; x_wconf 75' lang='lat' dir='ltr'><strong>vestigia,</strong></span> <span class='ocrx_word' id='word_1_167' title='bbox 925 1527 972 1551; x_wconf 84' lang='lat' dir='ltr'><strong>ex</strong></span> <span class='ocrx_word' id='word_1_168' title='bbox 995 1512 1095 1549; x_wconf 86' lang='lat' dir='ltr'><strong>fama</strong></span> <span class='ocrx_word' id='word_1_169' title='bbox 1123 1512 1183 1549; x_wconf 88' lang='lat' dir='ltr'><strong>vel</strong></span> <span class='ocrx_word' id='word_1_170' title='bbox 1213 1525 1235 1548; x_wconf 84' lang='lat' dir='ltr'><strong>a</strong></span> <span class='ocrx_word' id='word_1_171' title='bbox 1264 1511 1495 1548; x_wconf 87' lang='lat' dir='ltr'><strong>doctoribus</strong></span> 
     </span>
     <span class='ocr_line' id='line_1_21' title="bbox 78 1579 1496 1635; baseline 0 -19"><span class='ocrx_word' id='word_1_172' title='bbox 78 1579 239 1618; x_wconf 80' lang='lat' dir='ltr'><strong>Athenis</strong></span> <span class='ocrx_word' id='word_1_173' title='bbox 261 1582 553 1635; x_wconf 83' lang='lat' dir='ltr'><strong>philosophiam</strong></span> <span class='ocrx_word' id='word_1_174' title='bbox 577 1583 841 1628; x_wconf 79' lang='lat' dir='ltr'><strong>tradentibus,</strong></span> <span class='ocrx_word' id='word_1_175' title='bbox 865 1597 963 1635; x_wconf 85' lang='lat' dir='ltr'><strong>quos</strong></span> <span class='ocrx_word' id='word_1_176' title='bbox 981 1584 1092 1620; x_wconf 82' lang='lat' dir='ltr'><strong>Plato</strong></span> <span class='ocrx_word' id='word_1_177' title='bbox 1110 1582 1281 1620; x_wconf 87' lang='lat' dir='ltr'><strong>studiose</strong></span> <span class='ocrx_word' id='word_1_178' title='bbox 1296 1581 1496 1626; x_wconf 83' lang='lat' dir='ltr'><strong>audiebat,</strong></span> 
     </span>
     <span class='ocr_line' id='line_1_22' title="bbox 78 1644 1555 1706; baseline 0 -19"><span class='ocrx_word' id='word_1_179' title='bbox 78 1662 294 1702; x_wconf 74' lang='lat' dir='ltr'><strong>acceperat,</strong></span> <span class='ocrx_word' id='word_1_180' title='bbox 334 1654 413 1690; x_wconf 81' lang='lat' dir='ltr'><strong>sive</strong></span> <span class='ocrx_word' id='word_1_181' title='bbox 442 1669 488 1691; x_wconf 85' lang='lat' dir='ltr'><strong>ex</strong></span> <span class='ocrx_word' id='word_1_182' title='bbox 517 1655 607 1706; x_wconf 89' lang='lat' dir='ltr'><strong>ipsis</strong></span> <span class='ocrx_word' id='word_1_183' title='bbox 635 1654 802 1691; x_wconf 78' lang='lat' dir='ltr'><strong>Philolai</strong></span> <span class='ocrx_word' id='word_1_184' title='bbox 826 1654 978 1706; x_wconf 78' lang='lat' dir='ltr'><strong>scriptis</strong></span> <span class='ocrx_word' id='word_1_185' title='bbox 1007 1662 1215 1705; x_wconf 80' lang='lat' dir='ltr'><strong>cognorat:</strong></span> <span class='ocrx_word' id='word_1_186' title='bbox 1250 1644 1510 1703; x_wconf 25' lang='lat' dir='ltr'><strong>quamquam·</strong></span> <span class='ocrx_word' id='word_1_187' title='bbox 1552 1685 1555 1686; x_wconf 14' lang='grc' dir='ltr'><em>γ</em></span> 
     </span>
     <span class='ocr_line' id='line_1_23' title="bbox 79 1722 1497 1776; baseline 0 -18"><span class='ocrx_word' id='word_1_188' title='bbox 79 1722 180 1759; x_wconf 75' lang='lat' dir='ltr'><strong>illud</strong></span> <span class='ocrx_word' id='word_1_189' title='bbox 214 1723 289 1759; x_wconf 88' lang='lat' dir='ltr'><strong>hoc</strong></span> <span class='ocrx_word' id='word_1_190' title='bbox 322 1732 377 1759; x_wconf 82' lang='lat' dir='ltr'><strong>est</strong></span> <span class='ocrx_word' id='word_1_191' title='bbox 413 1725 682 1768; x_wconf 77' lang='lat' dir='ltr'><strong>verisimilius,</strong></span> <span class='ocrx_word' id='word_1_192' title='bbox 722 1723 832 1776; x_wconf 83' lang='lat' dir='ltr'><strong>quod</strong></span> <span class='ocrx_word' id='word_1_193' title='bbox 861 1724 983 1761; x_wconf 88' lang='lat' dir='ltr'><strong>libros</strong></span> <span class='ocrx_word' id='word_1_194' title='bbox 1012 1722 1131 1760; x_wconf 90' lang='lat' dir='ltr'><strong>huius</strong></span> <span class='ocrx_word' id='word_1_195' title='bbox 1164 1722 1414 1773; x_wconf 79' lang='lat' dir='ltr'><strong>Pythagorici</strong></span> <span class='ocrx_word' id='word_1_196' title='bbox 1447 1734 1497 1758; x_wconf 79' lang='lat' dir='ltr'><strong>ex</strong></span> 
     </span>
    </p>
   </div>
   <div class='ocr_carea' id='block_1_4' title="bbox 78 1792 1498 1845">
    <p class='ocr_par' dir='ltr' id='par_1_5' title="bbox 78 1792 1498 1845">
     <span class='ocr_line' id='line_1_24' title="bbox 78 1792 1498 1845; baseline -0.001 -15"><span class='ocrx_word' id='word_1_197' title='bbox 78 1794 190 1830; x_wconf 81' lang='lat' dir='ltr'><strong>ltalia</strong></span> <span class='ocrx_word' id='word_1_198' title='bbox 214 1793 372 1830; x_wconf 81' lang='lat' dir='ltr'><strong>demum</strong></span> <span class='ocrx_word' id='word_1_199' title='bbox 399 1803 613 1845; x_wconf 70' lang='lat' dir='ltr'><strong>reportasse</strong></span> <span class='ocrx_word' id='word_1_200' title='bbox 642 1796 751 1831; x_wconf 86' lang='lat' dir='ltr'><strong>Plato</strong></span> <span class='ocrx_word' id='word_1_201' title='bbox 781 1795 935 1831; x_wconf 76' lang='lat' dir='ltr'><strong>dicitur.</strong></span> <span class='ocrx_word' id='word_1_202' title='bbox 954 1793 1012 1839; x_wconf 58' lang='grc' dir='ltr'><strong>*ἢ</strong></span> <span class='ocrx_word' id='word_1_203' title='bbox 1064 1794 1189 1844; x_wconf 76' lang='lat' dir='ltr'><strong>Igitur</strong></span> <span class='ocrx_word' id='word_1_204' title='bbox 1213 1792 1498 1844; x_wconf 86' lang='lat' dir='ltr'><strong>Philosophus,</strong></span> 
     </span>
    </p>
   </div>
   <div class='ocr_carea' id='block_1_5' title="bbox 769 1890 943 1900">
    <p class='ocr_par' dir='ltr' id='par_1_6' title="bbox 769 1890 943 1900">
     <span class='ocr_line' id='line_1_25' title="bbox 769 1890 943 1900; baseline 0 0"><span class='ocrx_word' id='word_1_205' title='bbox 769 1890 943 1900; x_wconf 95' lang='lat' dir='ltr'><strong> </strong></span> 
     </span>
    </p>
   </div>
   <div class='ocr_carea' id='block_1_6' title="bbox 625 1892 765 1899">
    <p class='ocr_par' dir='ltr' id='par_1_7' title="bbox 625 1892 765 1899">
     <span class='ocr_line' id='line_1_26' title="bbox 625 1892 765 1899; baseline 0 0"><span class='ocrx_word' id='word_1_206' title='bbox 625 1892 765 1899; x_wconf 95' lang='lat' dir='ltr'><strong> </strong></span> 
     </span>
    </p>
   </div>
   <div class='ocr_carea' id='block_1_7' title="bbox 119 1941 1493 2067">
    <p class='ocr_par' dir='ltr' id='par_1_8' title="bbox 119 1941 1493 2067">
     <span class='ocr_line' id='line_1_27' title="bbox 119 1941 784 1987; baseline 0.003 -16"><span class='ocrx_word' id='word_1_207' title='bbox 119 1941 156 1983; x_wconf 75' lang='lat'><strong>²⁸¹)</strong></span> <span class='ocrx_word' id='word_1_208' title='bbox 201 1942 241 1972; x_wconf 77' lang='lat' dir='ltr'><strong>V.</strong></span> <span class='ocrx_word' id='word_1_209' title='bbox 266 1943 368 1974; x_wconf 85' lang='lat' dir='ltr'><strong>Procl.</strong></span> <span class='ocrx_word' id='word_1_210' title='bbox 393 1944 425 1973; x_wconf 86' lang='lat' dir='ltr'><strong>in</strong></span> <span class='ocrx_word' id='word_1_211' title='bbox 450 1945 534 1974; x_wconf 88' lang='lat' dir='ltr'><strong>Tim.</strong></span> <span class='ocrx_word' id='word_1_212' title='bbox 559 1945 628 1982; x_wconf 86' lang='grc' dir='ltr'><strong>ΙΙΙ,</strong></span> <span class='ocrx_word' id='word_1_213' title='bbox 656 1956 687 1987; x_wconf 84' lang='lat' dir='ltr'><strong>p.</strong></span> <span class='ocrx_word' id='word_1_214' title='bbox 711 1950 784 1987; x_wconf 76' lang='lat'>471.</span> 
     </span>
     <span class='ocr_line' id='line_1_28' title="bbox 120 2020 1493 2067; baseline 0.005 -21"><span class='ocrx_word' id='word_1_215' title='bbox 120 2021 176 2061; x_wconf 76' lang='lat'><strong>**)</strong></span> <span class='ocrx_word' id='word_1_216' title='bbox 201 2021 240 2051; x_wconf 84' lang='lat' dir='ltr'><strong>V.</strong></span> <span class='ocrx_word' id='word_1_217' title='bbox 266 2021 397 2052; x_wconf 64' lang='lat' dir='ltr'><strong>B&#39;Ienaer,</strong></span> <span class='ocrx_word' id='word_1_218' title='bbox 416 2023 454 2052; x_wconf 81' lang='lat' dir='ltr'><strong>ad</strong></span> <span class='ocrx_word' id='word_1_219' title='bbox 470 2024 570 2065; x_wconf 78' lang='lat' dir='ltr'><strong>Diog.</strong></span> <span class='ocrx_word' id='word_1_220' title='bbox 587 2023 629 2052; x_wconf 88' lang='lat' dir='ltr'><strong>L.</strong></span> <span class='ocrx_word' id='word_1_221' title='bbox 647 2022 728 2053; x_wconf 86' lang='lat' dir='ltr'><strong>VIH</strong></span> <span class='ocrx_word' id='word_1_222' title='bbox 741 2043 750 2059; x_wconf 89' lang='lat'>‚</span> <span class='ocrx_word' id='word_1_223' title='bbox 772 2020 824 2054; x_wconf 76' lang='lat'><strong>83.</strong></span> <span class='ocrx_word' id='word_1_224' title='bbox 850 2033 944 2064; x_wconf 86' lang='lat' dir='ltr'><strong>quam</strong></span> <span class='ocrx_word' id='word_1_225' title='bbox 960 2025 1180 2054; x_wconf 80' lang='lat' dir='ltr'><strong>narrationem</strong></span> <span class='ocrx_word' id='word_1_226' title='bbox 1198 2025 1317 2067; x_wconf 79' lang='lat' dir='ltr'><strong>prohat</strong></span> <span class='ocrx_word' id='word_1_227' title='bbox 1334 2023 1493 2054; x_wconf 63' lang='lat' dir='ltr'><strong>&amp;meier-</strong></span> 
     </span>
    </p>
   </div>
   <div class='ocr_carea' id='block_1_8' title="bbox 205 2048 1495 2130">
    <p class='ocr_par' dir='ltr' id='par_1_9' title="bbox 205 2048 1495 2130">
     <span class='ocr_line' id='line_1_29' title="bbox 368 2048 386 2065; baseline 0 0"><span class='ocrx_word' id='word_1_228' title='bbox 368 2048 386 2065; x_wconf 70' lang='grc' dir='ltr'>ο</span> 
     </span>
     <span class='ocr_line' id='line_1_30' title="bbox 205 2084 1495 2130; baseline 0.001 -16"><span class='ocrx_word' id='word_1_229' title='bbox 205 2084 368 2115; x_wconf 60' lang='lat' dir='ltr'><strong>macheriis</strong></span> <span class='ocrx_word' id='word_1_230' title='bbox 392 2098 481 2116; x_wconf 81' lang='lat' dir='ltr'><strong>meus</strong></span> <span class='ocrx_word' id='word_1_231' title='bbox 503 2087 538 2116; x_wconf 82' lang='lat' dir='ltr'><strong>in</strong></span> <span class='ocrx_word' id='word_1_232' title='bbox 552 2084 657 2116; x_wconf 73' lang='lat' dir='ltr'><strong>Praef.</strong></span> <span class='ocrx_word' id='word_1_233' title='bbox 678 2085 717 2116; x_wconf 84' lang='lat' dir='ltr'><strong>ad</strong></span> <span class='ocrx_word' id='word_1_234' title='bbox 731 2086 895 2116; x_wconf 81' lang='lat' dir='ltr'><strong>Phaedon.</strong></span> <span class='ocrx_word' id='word_1_235' title='bbox 933 2087 1007 2130; x_wconf 83' lang='lat' dir='ltr'><strong>Ego</strong></span> <span class='ocrx_word' id='word_1_236' title='bbox 1026 2095 1135 2118; x_wconf 85' lang='lat' dir='ltr'><strong>tamen</strong></span> <span class='ocrx_word' id='word_1_237' title='bbox 1157 2096 1292 2130; x_wconf 77' lang='lat' dir='ltr'><strong>repeto,</strong></span> <span class='ocrx_word' id='word_1_238' title='bbox 1318 2098 1400 2128; x_wconf 83' lang='lat' dir='ltr'><strong>quae</strong></span> <span class='ocrx_word' id='word_1_239' title='bbox 1423 2086 1495 2115; x_wconf 67' lang='lat' dir='ltr'><strong>dixi</strong></span> 
     </span>
    </p>
   </div>
   <div class='ocr_carea' id='block_1_9' title="bbox 1173 2151 1239 2200">
    <p class='ocr_par' dir='ltr' id='par_1_10' title="bbox 1173 2151 1239 2200">
     <span class='ocr_line' id='line_1_31' title="bbox 1173 2151 1239 2200; baseline 0 -1"><span class='ocrx_word' id='word_1_240' title='bbox 1173 2151 1239 2200; x_wconf 78' lang='grc'><strong>(4)</strong></span> 
     </span>
    </p>
   </div>
  </div>
 </body>
</html>
