<?xml version="1.0" encoding="UTF-8"?>
<!DOCTYPE html PUBLIC "-//W3C//DTD XHTML 1.0 Transitional//EN"
    "http://www.w3.org/TR/xhtml1/DTD/xhtml1-transitional.dtd">
<html xmlns="http://www.w3.org/1999/xhtml" xml:lang="en" lang="en">
 <head>
  <title>
</title>
<meta http-equiv="Content-Type" content="text/html;charset=utf-8" />
  <meta name='ocr-system' content='tesseract 3.04.00' />
  <meta name='ocr-capabilities' content='ocr_page ocr_carea ocr_par ocr_line ocrx_word'/>
</head>
<body>
  <div class='ocr_page' id='page_1' title='image "4627576_0015.png"; bbox 0 0 1784 2512; ppageno 0'>
   <div class='ocr_carea' id='block_1_1' title="bbox 1516 137 1577 169">
    <p class='ocr_par' dir='ltr' id='par_1_1' title="bbox 1516 137 1577 169">
     <span class='ocr_line' id='line_1_1' title="bbox 1516 137 1577 169; baseline 0 0"><span class='ocrx_word' id='word_1_1' title='bbox 1516 137 1577 169; x_wconf 80' lang='lat' dir='ltr'><strong>Vn</strong></span> 
     </span>
    </p>
   </div>
   <div class='ocr_carea' id='block_1_2' title="bbox 164 225 1577 1200">
    <p class='ocr_par' dir='ltr' id='par_1_2' title="bbox 164 225 1577 1200">
     <span class='ocr_line' id='line_1_2' title="bbox 172 225 1576 281; baseline -0.003 -10"><span class='ocrx_word' id='word_1_2' title='bbox 172 239 272 271; x_wconf 81' lang='lat' dir='ltr'><strong>terra</strong></span> <span class='ocrx_word' id='word_1_3' title='bbox 284 228 454 270; x_wconf 80' lang='lat' dir='ltr'><strong>stabilita</strong></span> <span class='ocrx_word' id='word_1_4' title='bbox 467 234 539 267; x_wconf 76' lang='lat' dir='ltr'><strong>est:</strong></span> <span class='ocrx_word' id='word_1_5' title='bbox 554 233 691 266; x_wconf 81' lang='lat' dir='ltr'><strong>utrum</strong></span> <span class='ocrx_word' id='word_1_6' title='bbox 702 229 835 265; x_wconf 70' lang='lat' dir='ltr'><strong>tamen</strong></span> <span class='ocrx_word' id='word_1_7' title='bbox 851 225 1171 265; x_wconf 78' lang='lat' dir='ltr'><strong>huic-immobilis</strong></span> <span class='ocrx_word' id='word_1_8' title='bbox 1185 233 1259 265; x_wconf 81' lang='lat' dir='ltr'><strong>stet</strong></span> <span class='ocrx_word' id='word_1_9' title='bbox 1272 237 1344 265; x_wconf 78' lang='lat' dir='ltr'><strong>nec</strong></span> <span class='ocrx_word' id='word_1_10' title='bbox 1355 241 1416 274; x_wconf 87' lang='lat' dir='ltr'><strong>ne,</strong></span> <span class='ocrx_word' id='word_1_11' title='bbox 1435 240 1576 281; x_wconf 78' lang='lat' dir='ltr'><strong>magna</strong></span> 
     </span>
     <span class='ocr_line' id='line_1_3' title="bbox 172 298 1574 352; baseline -0.003 -12"><span class='ocrx_word' id='word_1_12' title='bbox 172 304 276 340; x_wconf 84' lang='lat' dir='ltr'><strong>inter</strong></span> <span class='ocrx_word' id='word_1_13' title='bbox 292 310 438 339; x_wconf 87' lang='lat' dir='ltr'><strong>veteres</strong></span> <span class='ocrx_word' id='word_1_14' title='bbox 461 298 718 352; x_wconf 85' lang='lat' dir='ltr'><strong>philosophos</strong></span> <span class='ocrx_word' id='word_1_15' title='bbox 748 307 788 337; x_wconf 88' lang='lat' dir='ltr'><strong>et</strong></span> <span class='ocrx_word' id='word_1_16' title='bbox 813 298 967 337; x_wconf 82' lang='lat' dir='ltr'><strong>criticos</strong></span> <span class='ocrx_word' id='word_1_17' title='bbox 988 298 1035 335; x_wconf 88' lang='lat' dir='ltr'><strong>lis</strong></span> <span class='ocrx_word' id='word_1_18' title='bbox 1052 298 1148 343; x_wconf 83' lang='lat' dir='ltr'><strong>fuit,</strong></span> <span class='ocrx_word' id='word_1_19' title='bbox 1175 299 1366 350; x_wconf 85' lang='lat' dir='ltr'><strong>quoniam</strong></span> <span class='ocrx_word' id='word_1_20' title='bbox 1387 300 1574 337; x_wconf 82' lang='lat' dir='ltr'>nonnulli</span> 
     </span>
     <span class='ocr_line' id='line_1_4' title="bbox 172 369 1577 426; baseline -0.002 -14"><span class='ocrx_word' id='word_1_21' title='bbox 172 387 220 412; x_wconf 85' lang='lat' dir='ltr'><strong>ex</strong></span> <span class='ocrx_word' id='word_1_22' title='bbox 245 374 326 426; x_wconf 89' lang='lat' dir='ltr'><strong>ipso</strong></span> <span class='ocrx_word' id='word_1_23' title='bbox 347 379 480 408; x_wconf 86' lang='lat' dir='ltr'><strong>nostro</strong></span> <span class='ocrx_word' id='word_1_24' title='bbox 496 371 656 409; x_wconf 90' lang='lat' dir='ltr'><strong>Timaeo</strong></span> <span class='ocrx_word' id='word_1_25' title='bbox 679 369 835 408; x_wconf 87' lang='lat' dir='ltr'><strong>Platoni</strong></span> <span class='ocrx_word' id='word_1_26' title='bbox 855 369 1088 406; x_wconf 85' lang='lat' dir='ltr'><strong>sententiam</strong></span> <span class='ocrx_word' id='word_1_27' title='bbox 1107 369 1156 406; x_wconf 90' lang='lat' dir='ltr'><strong>de</strong></span> <span class='ocrx_word' id='word_1_28' title='bbox 1175 378 1277 406; x_wconf 87' lang='lat' dir='ltr'><strong>terra</strong></span> <span class='ocrx_word' id='word_1_29' title='bbox 1298 369 1449 406; x_wconf 84' lang='lat' dir='ltr'><strong>circum</strong></span> <span class='ocrx_word' id='word_1_30' title='bbox 1464 384 1577 409; x_wconf 84' lang='lat' dir='ltr'>axem</span> 
     </span>
     <span class='ocr_line' id='line_1_5' title="bbox 171 438 1576 492; baseline 0 -12"><span class='ocrx_word' id='word_1_31' title='bbox 171 453 273 481; x_wconf 85' lang='lat' dir='ltr'><strong>mota</strong></span> <span class='ocrx_word' id='word_1_32' title='bbox 302 440 503 479; x_wconf 84' lang='lat' dir='ltr'><strong>vindicare</strong></span> <span class='ocrx_word' id='word_1_33' title='bbox 527 441 611 478; x_wconf 84' lang='lat' dir='ltr'><strong>ausi</strong></span> <span class='ocrx_word' id='word_1_34' title='bbox 644 449 765 479; x_wconf 88' lang='lat' dir='ltr'><strong>erant.</strong></span> <span class='ocrx_word' id='word_1_35' title='bbox 817 438 929 487; x_wconf 86' lang='lat' dir='ltr'><strong>Quae</strong></span> <span class='ocrx_word' id='word_1_36' title='bbox 953 440 1090 492; x_wconf 81' lang='lat' dir='ltr'><strong>opinio</strong></span> <span class='ocrx_word' id='word_1_37' title='bbox 1120 439 1262 477; x_wconf 86' lang='lat' dir='ltr'><strong>nititur</strong></span> <span class='ocrx_word' id='word_1_38' title='bbox 1284 440 1404 478; x_wconf 88' lang='lat' dir='ltr'><strong>huius</strong></span> <span class='ocrx_word' id='word_1_39' title='bbox 1430 440 1576 492; x_wconf 81' lang='lat' dir='ltr'>dialogi</span> 
     </span>
     <span class='ocr_line' id='line_1_6' title="bbox 171 510 1574 568; baseline 0.001 -19"><span class='ocrx_word' id='word_1_40' title='bbox 171 511 299 552; x_wconf 82' lang='lat' dir='ltr'><strong>verbis</strong></span> <span class='ocrx_word' id='word_1_41' title='bbox 317 510 485 554; x_wconf 75' lang='lat' dir='ltr'><strong>hisce*):</strong></span> <span class='ocrx_word' id='word_1_42' title='bbox 518 518 593 556; x_wconf 80' lang='grc' dir='ltr'><strong>Γῆν</strong></span> <span class='ocrx_word' id='word_1_43' title='bbox 618 511 658 549; x_wconf 82' lang='grc' dir='ltr'><strong>δὲ</strong></span> <span class='ocrx_word' id='word_1_44' title='bbox 685 513 838 568; x_wconf 77' lang='grc' dir='ltr'><strong><em>τροφὸν</em></strong></span> <span class='ocrx_word' id='word_1_45' title='bbox 862 515 930 560; x_wconf 82' lang='grc' dir='ltr'><strong>μὲν</strong></span> <span class='ocrx_word' id='word_1_46' title='bbox 949 514 1157 565; x_wconf 74' lang='grc' dir='ltr'><em>ἡμετέραν,</em></span> <span class='ocrx_word' id='word_1_47' title='bbox 1183 515 1406 562; x_wconf 81' lang='grc' dir='ltr'><strong><em>εἰλουμένην</em></strong></span> <span class='ocrx_word' id='word_1_48' title='bbox 1427 511 1466 550; x_wconf 82' lang='grc' dir='ltr'><strong>δὲ</strong></span> <span class='ocrx_word' id='word_1_49' title='bbox 1486 516 1574 567; x_wconf 67' lang='grc' dir='ltr'><em>περὶ</em></span> 
     </span>
     <span class='ocr_line' id='line_1_7' title="bbox 171 583 1572 639; baseline 0 -17"><span class='ocrx_word' id='word_1_50' title='bbox 171 587 242 623; x_wconf 89' lang='grc' dir='ltr'><strong>τὸν</strong></span> <span class='ocrx_word' id='word_1_51' title='bbox 266 583 334 622; x_wconf 81' lang='grc' dir='ltr'><strong>διὰ</strong></span> <span class='ocrx_word' id='word_1_52' title='bbox 351 586 496 627; x_wconf 87' lang='grc' dir='ltr'><strong><em>παντὸς</em></strong></span> <span class='ocrx_word' id='word_1_53' title='bbox 518 585 641 622; x_wconf 81' lang='grc' dir='ltr'><strong><em>πόλον</em></strong></span> <span class='ocrx_word' id='word_1_54' title='bbox 659 585 875 633; x_wconf 81' lang='grc' dir='ltr'><strong><em>τεταμένον</em></strong></span> <span class='ocrx_word' id='word_1_55' title='bbox 887 611 898 628; x_wconf 92' lang='grc'><em>,</em></span> <span class='ocrx_word' id='word_1_56' title='bbox 924 586 1085 639; x_wconf 75' lang='grc' dir='ltr'><em>φύλακα</em></span> <span class='ocrx_word' id='word_1_57' title='bbox 1104 585 1169 621; x_wconf 82' lang='grc' dir='ltr'><strong>καὶ</strong></span> <span class='ocrx_word' id='word_1_58' title='bbox 1188 583 1417 637; x_wconf 77' lang='grc' dir='ltr'><strong><em>δημιουργὸν</em></strong></span> <span class='ocrx_word' id='word_1_59' title='bbox 1436 586 1572 626; x_wconf 85' lang='grc' dir='ltr'><strong><em>νυκτός</em></strong></span> 
     </span>
     <span class='ocr_line' id='line_1_8' title="bbox 169 655 1572 708; baseline -0.001 -14"><span class='ocrx_word' id='word_1_60' title='bbox 169 671 215 694; x_wconf 85' lang='grc' dir='ltr'><strong>τε·</strong></span> <span class='ocrx_word' id='word_1_61' title='bbox 239 657 304 694; x_wconf 85' lang='grc' dir='ltr'><strong>καὶ</strong></span> <span class='ocrx_word' id='word_1_62' title='bbox 328 657 467 708; x_wconf 79' lang='grc' dir='ltr'><strong><em>ἡμέρας</em></strong></span> <span class='ocrx_word' id='word_1_63' title='bbox 495 657 792 707; x_wconf 84' lang='grc' dir='ltr'><strong><em>ἐμηχανήσατο,</em></strong></span> <span class='ocrx_word' id='word_1_64' title='bbox 819 656 968 708; x_wconf 80' lang='grc' dir='ltr'><strong><em>πρώτην</em></strong></span> <span class='ocrx_word' id='word_1_65' title='bbox 992 655 1058 692; x_wconf 85' lang='grc' dir='ltr'><strong>καὶ</strong></span> <span class='ocrx_word' id='word_1_66' title='bbox 1082 655 1343 708; x_wconf 72' lang='grc' dir='ltr'><strong><em>πρεςβυτάτην</em></strong></span> <span class='ocrx_word' id='word_1_67' title='bbox 1372 657 1572 704; x_wconf 82' lang='grc' dir='ltr'><strong><em>σωμάτων,</em></strong></span> 
     </span>
     <span class='ocr_line' id='line_1_9' title="bbox 171 723 1574 779; baseline -0.002 -15"><span class='ocrx_word' id='word_1_68' title='bbox 171 726 249 765; x_wconf 81' lang='grc' dir='ltr'><strong>ὅσα</strong></span> <span class='ocrx_word' id='word_1_69' title='bbox 274 729 384 769; x_wconf 81' lang='grc' dir='ltr'><strong><em>ἐντὸς</em></strong></span> <span class='ocrx_word' id='word_1_70' title='bbox 417 731 589 779; x_wconf 78' lang='grc' dir='ltr'><strong><em>οὐρανοῦ</em></strong></span> <span class='ocrx_word' id='word_1_71' title='bbox 618 728 780 775; x_wconf 76' lang='grc' dir='ltr'><strong><em>γέγονεν.</em></strong></span> <span class='ocrx_word' id='word_1_72' title='bbox 834 723 949 761; x_wconf 88' lang='lat' dir='ltr'><strong>Unde</strong></span> <span class='ocrx_word' id='word_1_73' title='bbox 968 723 1027 768; x_wconf 89' lang='lat' dir='ltr'><strong>id,</strong></span> <span class='ocrx_word' id='word_1_74' title='bbox 1054 723 1165 775; x_wconf 85' lang='lat' dir='ltr'><strong>quod</strong></span> <span class='ocrx_word' id='word_1_75' title='bbox 1189 723 1289 769; x_wconf 79' lang='lat' dir='ltr'><strong>dixi,</strong></span> <span class='ocrx_word' id='word_1_76' title='bbox 1314 724 1464 776; x_wconf 85' lang='lat' dir='ltr'><strong>primus</strong></span> <span class='ocrx_word' id='word_1_77' title='bbox 1489 724 1574 762; x_wconf 84' lang='lat' dir='ltr'><strong>Ari-</strong></span> 
     </span>
     <span class='ocr_line' id='line_1_10' title="bbox 167 794 1573 847; baseline -0.001 -13"><span class='ocrx_word' id='word_1_78' title='bbox 167 796 321 834; x_wconf 82' lang='lat' dir='ltr'><strong>stoteles</strong></span> <span class='ocrx_word' id='word_1_79' title='bbox 359 795 558 847; x_wconf 83' lang='lat' dir='ltr'><strong>collegisse</strong></span> <span class='ocrx_word' id='word_1_80' title='bbox 594 796 737 840; x_wconf 85' lang='lat' dir='ltr'><strong>fertur,</strong></span> <span class='ocrx_word' id='word_1_81' title='bbox 779 809 906 846; x_wconf 87' lang='lat' dir='ltr'><strong>quum</strong></span> <span class='ocrx_word' id='word_1_82' title='bbox 941 794 1116 833; x_wconf 88' lang='lat' dir='ltr'><strong>secundo</strong></span> <span class='ocrx_word' id='word_1_83' title='bbox 1152 795 1254 832; x_wconf 85' lang='lat' dir='ltr'><strong>libro</strong></span> <span class='ocrx_word' id='word_1_84' title='bbox 1296 795 1344 832; x_wconf 89' lang='lat' dir='ltr'><strong>de</strong></span> <span class='ocrx_word' id='word_1_85' title='bbox 1378 795 1489 833; x_wconf 88' lang='lat' dir='ltr'><strong>coelo</strong></span> <span class='ocrx_word' id='word_1_86' title='bbox 1516 794 1573 838; x_wconf 54' lang='grc' dir='ltr'><strong>Μ’)</strong></span> 
     </span>
     <span class='ocr_line' id='line_1_11' title="bbox 168 866 1571 922; baseline 0.001 -19"><span class='ocrx_word' id='word_1_87' title='bbox 168 866 319 917; x_wconf 84' lang='lat' dir='ltr'><strong>inquit:</strong></span> <span class='ocrx_word' id='word_1_88' title='bbox 366 866 491 905; x_wconf 85' lang='grc' dir='ltr'><strong><em>Ἔνιοι</em></strong></span> <span class='ocrx_word' id='word_1_89' title='bbox 518 866 558 906; x_wconf 85' lang='grc' dir='ltr'><strong>δὲ</strong></span> <span class='ocrx_word' id='word_1_90' title='bbox 585 869 650 904; x_wconf 85' lang='grc' dir='ltr'><strong>καὶ</strong></span> <span class='ocrx_word' id='word_1_91' title='bbox 686 870 860 915; x_wconf 80' lang='grc' dir='ltr'><strong><em>κειμένην</em></strong></span> <span class='ocrx_word' id='word_1_92' title='bbox 893 867 957 905; x_wconf 79' lang='grc' dir='ltr'><strong>ἐπὶ</strong></span> <span class='ocrx_word' id='word_1_93' title='bbox 989 872 1067 905; x_wconf 77' lang='grc' dir='ltr'><strong>τοῦ</strong></span> <span class='ocrx_word' id='word_1_94' title='bbox 1103 869 1264 919; x_wconf 72' lang='grc' dir='ltr'><strong><em>κέντρου</em></strong></span> <span class='ocrx_word' id='word_1_95' title='bbox 1293 870 1420 922; x_wconf 74' lang='grc' dir='ltr'><strong><em>φασὶν</em></strong></span> <span class='ocrx_word' id='word_1_96' title='bbox 1447 868 1571 911; x_wconf 81' lang='grc' dir='ltr'><strong><em>αὐτὴν</em></strong></span> 
     </span>
     <span class='ocr_line' id='line_1_12' title="bbox 166 934 1573 989; baseline 0 -16"><span class='ocrx_word' id='word_1_97' title='bbox 166 940 364 974; x_wconf 64' lang='grc' dir='ltr'><strong><em>εἱλεῖσΞαι</em></strong></span> <span class='ocrx_word' id='word_1_98' title='bbox 400 939 485 989; x_wconf 78' lang='grc' dir='ltr'><em>περὶ</em></span> <span class='ocrx_word' id='word_1_99' title='bbox 523 938 593 974; x_wconf 84' lang='grc' dir='ltr'><strong>τὸν</strong></span> <span class='ocrx_word' id='word_1_100' title='bbox 631 934 699 972; x_wconf 83' lang='grc' dir='ltr'><strong>διὰ</strong></span> <span class='ocrx_word' id='word_1_101' title='bbox 733 939 879 977; x_wconf 85' lang='grc' dir='ltr'><strong><em>παντὸς</em></strong></span> <span class='ocrx_word' id='word_1_102' title='bbox 909 939 1122 983; x_wconf 81' lang='grc' dir='ltr'><strong><em>τεταμένον</em></strong></span> <span class='ocrx_word' id='word_1_103' title='bbox 1145 938 1286 978; x_wconf 84' lang='grc' dir='ltr'><strong><em>πόλον,</em></strong></span> <span class='ocrx_word' id='word_1_104' title='bbox 1322 936 1437 988; x_wconf 68' lang='grc' dir='ltr'><strong><em>ὥςπερ</em></strong></span> <span class='ocrx_word' id='word_1_105' title='bbox 1460 941 1498 973; x_wconf 82' lang='grc' dir='ltr'><strong>ἐν</strong></span> <span class='ocrx_word' id='word_1_106' title='bbox 1517 940 1573 984; x_wconf 73' lang='grc' dir='ltr'><strong>τῷ</strong></span> 
     </span>
     <span class='ocr_line' id='line_1_13' title="bbox 164 1004 1573 1059; baseline -0.003 -15"><span class='ocrx_word' id='word_1_107' title='bbox 164 1007 316 1055; x_wconf 83' lang='grc' dir='ltr'><strong><em>Τιμαίῳ</em></strong></span> <span class='ocrx_word' id='word_1_108' title='bbox 343 1009 566 1059; x_wconf 74' lang='grc' dir='ltr'><strong><em>γέγραπται.</em></strong></span> <span class='ocrx_word' id='word_1_109' title='bbox 608 1005 824 1041; x_wconf 80' lang='lat' dir='ltr'><strong>Aristotelis</strong></span> <span class='ocrx_word' id='word_1_110' title='bbox 853 1005 1130 1041; x_wconf 87' lang='lat' dir='ltr'><strong>auctoritatem</strong></span> <span class='ocrx_word' id='word_1_111' title='bbox 1158 1005 1340 1055; x_wconf 82' lang='lat' dir='ltr'><strong>sequitur</strong></span> <span class='ocrx_word' id='word_1_112' title='bbox 1358 1004 1444 1041; x_wconf 85' lang='lat' dir='ltr'><strong>vilis</strong></span> <span class='ocrx_word' id='word_1_113' title='bbox 1470 1017 1573 1041; x_wconf 87' lang='lat' dir='ltr'><strong>com-</strong></span> 
     </span>
     <span class='ocr_line' id='line_1_14' title="bbox 165 1073 1573 1129; baseline 0 -18"><span class='ocrx_word' id='word_1_114' title='bbox 165 1074 313 1125; x_wconf 83' lang='lat' dir='ltr'><strong>pilator</strong></span> <span class='ocrx_word' id='word_1_115' title='bbox 337 1074 534 1129; x_wconf 82' lang='lat' dir='ltr'><strong>Diogenes</strong></span> <span class='ocrx_word' id='word_1_116' title='bbox 548 1074 727 1112; x_wconf 81' lang='lat' dir='ltr'><strong>Laertius</strong></span> <span class='ocrx_word' id='word_1_117' title='bbox 745 1073 822 1117; x_wconf 71' lang='lat'><strong>***)</strong></span> <span class='ocrx_word' id='word_1_118' title='bbox 849 1089 941 1112; x_wconf 90' lang='lat' dir='ltr'><strong>cum</strong></span> <span class='ocrx_word' id='word_1_119' title='bbox 960 1075 1046 1111; x_wconf 90' lang='lat' dir='ltr'><strong>ali-is</strong></span> <span class='ocrx_word' id='word_1_120' title='bbox 1068 1075 1274 1112; x_wconf 89' lang='lat' dir='ltr'><strong>nonnullis</strong></span> <span class='ocrx_word' id='word_1_121' title='bbox 1287 1076 1342 1121; x_wconf 83' lang='lat'><strong>†);</strong></span> <span class='ocrx_word' id='word_1_122' title='bbox 1377 1075 1445 1112; x_wconf 86' lang='lat' dir='ltr'><strong>sed</strong></span> <span class='ocrx_word' id='word_1_123' title='bbox 1466 1075 1573 1126; x_wconf 84' lang='lat' dir='ltr'><strong>prin-</strong></span> 
     </span>
     <span class='ocr_line' id='line_1_15' title="bbox 166 1143 1571 1200; baseline -0.001 -19"><span class='ocrx_word' id='word_1_124' title='bbox 166 1144 270 1200; x_wconf 81' lang='lat' dir='ltr'><strong>cipes</strong></span> <span class='ocrx_word' id='word_1_125' title='bbox 296 1143 610 1188; x_wconf 85' lang='lat' dir='ltr'><strong>Platonicorum,</strong></span> <span class='ocrx_word' id='word_1_126' title='bbox 647 1143 899 1190; x_wconf 85' lang='lat' dir='ltr'><strong>Plutarchus,</strong></span> <span class='ocrx_word' id='word_1_127' title='bbox 937 1143 1128 1190; x_wconf 78' lang='lat' dir='ltr'><strong>Galenus,</strong></span> <span class='ocrx_word' id='word_1_128' title='bbox 1164 1144 1347 1182; x_wconf 82' lang='lat' dir='ltr'><strong>Timaeus</strong></span> <span class='ocrx_word' id='word_1_129' title='bbox 1378 1143 1571 1196; x_wconf 83' lang='lat' dir='ltr'><strong>Sophista,</strong></span> 
     </span>
    </p>
   </div>
   <div class='ocr_carea' id='block_1_3' title="bbox 164 1215 1575 1335">
    <p class='ocr_par' dir='ltr' id='par_1_3' title="bbox 164 1215 1575 1335">
     <span class='ocr_line' id='line_1_16' title="bbox 165 1215 1572 1268; baseline 0 -17"><span class='ocrx_word' id='word_1_130' title='bbox 165 1215 346 1260; x_wconf 87' lang='lat' dir='ltr'><strong>Proclus‚</strong></span> <span class='ocrx_word' id='word_1_131' title='bbox 382 1224 579 1267; x_wconf 86' lang='lat' dir='ltr'><strong>postremo</strong></span> <span class='ocrx_word' id='word_1_132' title='bbox 607 1223 646 1252; x_wconf 91' lang='lat' dir='ltr'><strong>et</strong></span> <span class='ocrx_word' id='word_1_133' title='bbox 677 1215 901 1268; x_wconf 86' lang='lat' dir='ltr'><strong>Simplicius</strong></span> <span class='ocrx_word' id='word_1_134' title='bbox 933 1216 1173 1254; x_wconf 86' lang='lat' dir='ltr'><strong>contrariam</strong></span> <span class='ocrx_word' id='word_1_135' title='bbox 1198 1217 1434 1255; x_wconf 74' lang='lat' dir='ltr'><strong>sententiam</strong></span> <span class='ocrx_word' id='word_1_136' title='bbox 1460 1229 1572 1266; x_wconf 80' lang='lat' dir='ltr'><strong>argu-</strong></span> 
     </span>
     <span class='ocr_line' id='line_1_17' title="bbox 164 1279 1575 1335; baseline 0 -14"><span class='ocrx_word' id='word_1_137' title='bbox 164 1284 306 1321; x_wconf 83' lang='lat' dir='ltr'><strong>mentis</strong></span> <span class='ocrx_word' id='word_1_138' title='bbox 324 1292 502 1319; x_wconf 82' lang='lat' dir='ltr'><strong>tuentur:</strong></span> <span class='ocrx_word' id='word_1_139' title='bbox 530 1285 583 1319; x_wconf 87' lang='lat' dir='ltr'><strong>ita</strong></span> <span class='ocrx_word' id='word_1_140' title='bbox 602 1292 749 1326; x_wconf 77' lang='lat' dir='ltr'><strong>tamen,</strong></span> <span class='ocrx_word' id='word_1_141' title='bbox 775 1292 822 1320; x_wconf 81' lang='lat' dir='ltr'><strong>ut</strong></span> <span class='ocrx_word' id='word_1_142' title='bbox 836 1279 1111 1328; x_wconf 82' lang='lat' dir='ltr'><strong>Ruhnkenius‚</strong></span> <span class='ocrx_word' id='word_1_143' title='bbox 1131 1286 1202 1335; x_wconf 83' lang='lat' dir='ltr'><strong>qui</strong></span> <span class='ocrx_word' id='word_1_144' title='bbox 1220 1285 1363 1323; x_wconf 80' lang='lat' dir='ltr'><strong>ultimo</strong></span> <span class='ocrx_word' id='word_1_145' title='bbox 1378 1286 1467 1321; x_wconf 86' lang='lat' dir='ltr'><strong>loco</strong></span> <span class='ocrx_word' id='word_1_146' title='bbox 1485 1298 1575 1321; x_wconf 88' lang='lat' dir='ltr'><strong>cau-</strong></span> 
     </span>
    </p>
   </div>
   <div class='ocr_carea' id='block_1_4' title="bbox 163 1352 1573 1474">
    <p class='ocr_par' dir='ltr' id='par_1_4' title="bbox 163 1352 1573 1474">
     <span class='ocr_line' id='line_1_18' title="bbox 163 1352 1573 1405; baseline 0 -13"><span class='ocrx_word' id='word_1_147' title='bbox 163 1368 246 1392; x_wconf 86' lang='lat' dir='ltr'><strong>sam</strong></span> <span class='ocrx_word' id='word_1_148' title='bbox 262 1352 372 1391; x_wconf 85' lang='lat' dir='ltr'><strong>haud</strong></span> <span class='ocrx_word' id='word_1_149' title='bbox 391 1353 549 1391; x_wconf 83' lang='lat' dir='ltr'><strong>indocte</strong></span> <span class='ocrx_word' id='word_1_150' title='bbox 570 1355 765 1398; x_wconf 81' lang='lat' dir='ltr'><strong>tractavit,</strong></span> <span class='ocrx_word' id='word_1_151' title='bbox 791 1354 822 1391; x_wconf 90' lang='lat' dir='ltr'><strong>si</strong></span> <span class='ocrx_word' id='word_1_152' title='bbox 839 1368 1061 1405; x_wconf 86' lang='lat' dir='ltr'><strong>quaereres,</strong></span> <span class='ocrx_word' id='word_1_153' title='bbox 1089 1363 1178 1393; x_wconf 85' lang='lat' dir='ltr'><strong>utra</strong></span> <span class='ocrx_word' id='word_1_154' title='bbox 1199 1355 1371 1393; x_wconf 85' lang='lat' dir='ltr'><strong>Platonis</strong></span> <span class='ocrx_word' id='word_1_155' title='bbox 1394 1354 1573 1393; x_wconf 82' lang='lat' dir='ltr'><strong>doctrina</strong></span> 
     </span>
     <span class='ocr_line' id='line_1_19' title="bbox 164 1422 1573 1474; baseline 0.002 -15"><span class='ocrx_word' id='word_1_156' title='bbox 164 1423 229 1467; x_wconf 77' lang='lat' dir='ltr'><strong>sit,</strong></span> <span class='ocrx_word' id='word_1_157' title='bbox 263 1422 456 1461; x_wconf 87' lang='lat' dir='ltr'><strong>iudicium</strong></span> <span class='ocrx_word' id='word_1_158' title='bbox 487 1423 677 1461; x_wconf 82' lang='lat' dir='ltr'><strong>sustinere</strong></span> <span class='ocrx_word' id='word_1_159' title='bbox 710 1424 828 1460; x_wconf 88' lang='lat' dir='ltr'><strong>satius</strong></span> <span class='ocrx_word' id='word_1_160' title='bbox 859 1423 1052 1462; x_wconf 81' lang='lat' dir='ltr'><strong>habuerit.</strong></span> <span class='ocrx_word' id='word_1_161' title='bbox 1068 1425 1121 1474; x_wconf 86' lang='lat'><strong>††)</strong></span> <span class='ocrx_word' id='word_1_162' title='bbox 1180 1425 1408 1462; x_wconf 84' lang='lat' dir='ltr'><strong>Verborum</strong></span> <span class='ocrx_word' id='word_1_163' title='bbox 1441 1437 1573 1462; x_wconf 86' lang='lat' dir='ltr'><strong>sensus</strong></span> 
     </span>
    </p>
   </div>
   <div class='ocr_carea' id='block_1_5' title="bbox 203 1613 479 1803">
    <p class='ocr_par' dir='ltr' id='par_1_5' title="bbox 203 1613 479 1803">
     <span class='ocr_line' id='line_1_20' title="bbox 203 1613 479 1652; baseline 0.007 -9"><span class='ocrx_word' id='word_1_164' title='bbox 203 1613 245 1652; x_wconf 56' lang='grc' dir='ltr'><strong>π)</strong></span> <span class='ocrx_word' id='word_1_165' title='bbox 310 1614 345 1643; x_wconf 87' lang='lat' dir='ltr'><strong>P.</strong></span> <span class='ocrx_word' id='word_1_166' title='bbox 369 1619 421 1652; x_wconf 78' lang='lat'><strong>40.</strong></span> <span class='ocrx_word' id='word_1_167' title='bbox 443 1615 479 1645; x_wconf 81' lang='grc' dir='ltr'><strong>Β.</strong></span> 
     </span>
     <span class='ocr_line' id='line_1_21' title="bbox 206 1685 464 1730; baseline 0.004 -13"><span class='ocrx_word' id='word_1_168' title='bbox 206 1685 264 1728; x_wconf 78' lang='lat'><strong>**)</strong></span> <span class='ocrx_word' id='word_1_169' title='bbox 309 1686 464 1730; x_wconf 76' lang='lat' dir='ltr'><strong>cap.15.</strong></span> 
     </span>
     <span class='ocr_line' id='line_1_22' title="bbox 210 1759 450 1803; baseline 0 -12"><span class='ocrx_word' id='word_1_170' title='bbox 210 1759 285 1803; x_wconf 78' lang='lat'><strong>***)</strong></span> <span class='ocrx_word' id='word_1_171' title='bbox 307 1761 375 1800; x_wconf 86' lang='lat' dir='ltr'><strong>m,</strong></span> <span class='ocrx_word' id='word_1_172' title='bbox 399 1759 450 1802; x_wconf 86' lang='lat'><strong>75.</strong></span> 
     </span>
    </p>
   </div>
   <div class='ocr_carea' id='block_1_6' title="bbox 211 1844 1569 1952">
    <p class='ocr_par' dir='ltr' id='par_1_6' title="bbox 211 1844 1569 1952">
     <span class='ocr_line' id='line_1_23' title="bbox 211 1844 1569 1893; baseline 0.005 -19"><span class='ocrx_word' id='word_1_173' title='bbox 211 1844 247 1885; x_wconf 35' lang='lat'><strong>&#39;†)</strong></span> <span class='ocrx_word' id='word_1_174' title='bbox 298 1845 345 1875; x_wconf 82' lang='lat' dir='ltr'><strong>Ut</strong></span> <span class='ocrx_word' id='word_1_175' title='bbox 375 1855 445 1875; x_wconf 90' lang='lat' dir='ltr'><strong>cum</strong></span> <span class='ocrx_word' id='word_1_176' title='bbox 475 1845 662 1877; x_wconf 81' lang='lat' dir='ltr'><strong>Alexandro</strong></span> <span class='ocrx_word' id='word_1_177' title='bbox 693 1845 956 1890; x_wconf 81' lang='lat' dir='ltr'><strong>Aphrodisiensi,</strong></span> <span class='ocrx_word' id='word_1_178' title='bbox 996 1850 1084 1880; x_wconf 77' lang='lat' dir='ltr'><strong>euius</strong></span> <span class='ocrx_word' id='word_1_179' title='bbox 1115 1850 1212 1881; x_wconf 75' lang='lat' dir='ltr'><strong>verba</strong></span> <span class='ocrx_word' id='word_1_180' title='bbox 1238 1849 1325 1880; x_wconf 70' lang='lat' dir='ltr'><strong>iufra</strong></span> <span class='ocrx_word' id='word_1_181' title='bbox 1354 1857 1569 1893; x_wconf 77' lang='lat' dir='ltr'><strong>apponentur.</strong></span> 
     </span>
     <span class='ocr_line' id='line_1_24' title="bbox 294 1906 803 1952; baseline 0.01 -15"><span class='ocrx_word' id='word_1_182' title='bbox 294 1906 346 1938; x_wconf 87' lang='lat' dir='ltr'><strong>Cf.</strong></span> <span class='ocrx_word' id='word_1_183' title='bbox 371 1907 439 1939; x_wconf 86' lang='lat' dir='ltr'><strong>Cic.</strong></span> <span class='ocrx_word' id='word_1_184' title='bbox 462 1908 560 1939; x_wconf 80' lang='lat' dir='ltr'><strong>Acad.</strong></span> <span class='ocrx_word' id='word_1_185' title='bbox 585 1910 649 1951; x_wconf 83' lang='lat' dir='ltr'><strong>Qu.</strong></span> <span class='ocrx_word' id='word_1_186' title='bbox 672 1910 729 1942; x_wconf 86' lang='lat' dir='ltr'><strong>IV.</strong></span> <span class='ocrx_word' id='word_1_187' title='bbox 746 1909 803 1952; x_wconf 75' lang='lat'><strong>39.</strong></span> 
     </span>
    </p>
   </div>
   <div class='ocr_carea' id='block_1_7' title="bbox 209 1988 1574 2100">
    <p class='ocr_par' dir='ltr' id='par_1_7' title="bbox 209 1988 1574 2100">
     <span class='ocr_line' id='line_1_25' title="bbox 209 1988 1574 2037; baseline 0.005 -19"><span class='ocrx_word' id='word_1_188' title='bbox 209 1988 259 2030; x_wconf 56' lang='grc' dir='ltr'><strong>ᾖ)</strong></span> <span class='ocrx_word' id='word_1_189' title='bbox 290 1988 341 2019; x_wconf 82' lang='lat' dir='ltr'><strong>Ad</strong></span> <span class='ocrx_word' id='word_1_190' title='bbox 367 1990 493 2021; x_wconf 80' lang='lat' dir='ltr'><strong>Timaei</strong></span> <span class='ocrx_word' id='word_1_191' title='bbox 522 1990 666 2034; x_wconf 82' lang='lat' dir='ltr'><strong>Sophist.</strong></span> <span class='ocrx_word' id='word_1_192' title='bbox 689 1992 774 2022; x_wconf 85' lang='lat' dir='ltr'><strong>Lex.</strong></span> <span class='ocrx_word' id='word_1_193' title='bbox 798 1993 878 2023; x_wconf 77' lang='lat' dir='ltr'><strong>Plat.</strong></span> <span class='ocrx_word' id='word_1_194' title='bbox 903 2004 934 2035; x_wconf 86' lang='lat' dir='ltr'><strong>p.</strong></span> <span class='ocrx_word' id='word_1_195' title='bbox 956 1993 1055 2036; x_wconf 83' lang='grc'><strong>69-</strong></span> <span class='ocrx_word' id='word_1_196' title='bbox 1070 2002 1123 2037; x_wconf 72' lang='lat'><strong>72.</strong></span> <span class='ocrx_word' id='word_1_197' title='bbox 1156 1996 1212 2025; x_wconf 80' lang='lat' dir='ltr'><strong>ubi</strong></span> <span class='ocrx_word' id='word_1_198' title='bbox 1234 1997 1331 2025; x_wconf 72' lang='lat' dir='ltr'><strong>etium</strong></span> <span class='ocrx_word' id='word_1_199' title='bbox 1355 1995 1511 2025; x_wconf 79' lang='lat' dir='ltr'><strong>Corsinus</strong></span> <span class='ocrx_word' id='word_1_200' title='bbox 1534 1995 1574 2025; x_wconf 81' lang='lat' dir='ltr'><strong>ad</strong></span> 
     </span>
     <span class='ocr_line' id='line_1_26' title="bbox 290 2051 1572 2100; baseline 0.004 -18"><span class='ocrx_word' id='word_1_201' title='bbox 290 2051 517 2087; x_wconf 78' lang='lat' dir='ltr'><strong>Plutarcheum</strong></span> <span class='ocrx_word' id='word_1_202' title='bbox 539 2054 658 2085; x_wconf 81' lang='lat' dir='ltr'><strong>librum</strong></span> <span class='ocrx_word' id='word_1_203' title='bbox 678 2054 720 2085; x_wconf 85' lang='lat' dir='ltr'><strong>de</strong></span> <span class='ocrx_word' id='word_1_204' title='bbox 735 2054 833 2097; x_wconf 84' lang='lat' dir='ltr'><strong>place.</strong></span> <span class='ocrx_word' id='word_1_205' title='bbox 852 2055 985 2098; x_wconf 81' lang='lat' dir='ltr'><strong>philoss.</strong></span> <span class='ocrx_word' id='word_1_206' title='bbox 1004 2055 1079 2087; x_wconf 85' lang='lat' dir='ltr'><strong>diss.</strong></span> <span class='ocrx_word' id='word_1_207' title='bbox 1095 2057 1130 2095; x_wconf 87' lang='grc' dir='ltr'><strong>Ι,</strong></span> <span class='ocrx_word' id='word_1_208' title='bbox 1153 2069 1185 2100; x_wconf 74' lang='grc' dir='ltr'><strong>Ῑ).</strong></span> <span class='ocrx_word' id='word_1_209' title='bbox 1202 2058 1354 2090; x_wconf 86' lang='lat' dir='ltr'>XXXIV.</span> <span class='ocrx_word' id='word_1_210' title='bbox 1379 2058 1496 2088; x_wconf 80' lang='lat' dir='ltr'><strong>citatus</strong></span> <span class='ocrx_word' id='word_1_211' title='bbox 1513 2065 1572 2087; x_wconf 62' lang='grc' dir='ltr'><strong>εει.</strong></span> 
     </span>
    </p>
   </div>
  </div>
 </body>
</html>
