1784 2512
1464 199 1575 231 XXXI

156 297 320 329 vocatur
329 305 339 335 ;
372 288 415 326 in
438 285 649 325 Phaedone
670 292 763 324 sunt
785 289 839 326 τὰ
861 276 937 326 ι’·ξτὺ
960 290 1108 341 οὐρανῷ
1129 288 1247 334 ὄντα,
1273 289 1342 326 ubi
1367 304 1440 342 pro
1469 299 1570 329 terra

155 376 238 407 aer,
255 373 329 413 pro
352 349 442 398 aere
461 357 597 395 aether
619 358 747 395 fertur
767 370 855 395 esse.
866 356 903 404 ²¹²)
953 358 1153 396 Postremo
1179 373 1280 411 quae
1296 372 1415 413 super
1432 362 1571 400 orbem

155 433 269 470 BHA
292 440 399 475 sunt,
420 444 465 468 ea
478 431 593 468 'extra
608 431 807 468 mundum
823 442 901 468 esse
919 430 1115 469 dicentur.
1143 434 1226 470 Iam
1243 433 1350 484 apud
1363 433 1570 472 Platonem

152 504 308 542 animae
324 509 517 553 vagantur
532 514 606 554 per
620 500 836 545 mundum,
865 513 1037 552 egressae
1057 515 1078 538 a
1097 502 1232 547 Vesta,
1259 518 1361 555 quae
1385 512 1440 542 est
1463 504 1505 541 in
1527 505 1570 545 (ῖς

153 574 313 612 tandem
336 573 580 625 perveniunt
601 572 652 609 ad
672 586 872 609 summum
893 573 964 610 sub
991 573 1104 611 coelo
1126 573 1334 619 fornicem,
1363 576 1484 631 ἄκραν
1504 582 1567 615 ἐπὶ

150 651 222 690 τὴν
246 649 481 697 ὑπουράνιον
503 644 647 693 ἁψῖδα,
674 643 752 682 hoc
769 652 825 681 est
849 644 901 681 ad
925 645 1065 682 orbem
1085 645 1206 690 KGI,
1236 646 1305 683 ubi
1330 646 1468 683 finitur
1489 647 1567 684 for-

149 715 219 752 nix
251 715 323 753 sub
354 714 467 753 coelo
497 715 647 767 positus
674 724 713 753 et
741 715 885 768 incipit
912 715 1096 753 coelestis.
1162 716 1280 754 Terra
1316 729 1367 754 ne
1401 717 1567 770 impedi-

148 797 284 826 mento
304 788 370 832 sit,
409 787 631 825 verendum
663 801 745 826 non
771 797 841 832 est,
876 789 1027 841 quippe
1052 802 1171 839 quam
1191 798 1399 841 penetrare
1419 790 1566 826 animas

149 872 248 911 opus
270 872 352 895 non
368 858 433 903 sit,
462 871 605 909 (silum,
634 868 824 910 tanquam
843 873 923 896 una
940 873 986 896 ex
1000 859 1121 897 stellis
1138 860 1179 896 in
1197 860 1354 897 aethere
1367 873 1566 912 suspensa,

147 929 227 967 sive
248 930 290 966 in
306 929 457 967 circulo
479 930 618 972 DFE‚
645 930 742 974 sive,
766 929 875 981 quod
897 930 1098 968 Philolaus
1113 930 1247 974 habet,
1274 930 1439 981 obliquo
1460 930 1565 970 orbe.

145 1009 191 1037 ut
212 1000 257 1037 in
278 1000 403 1051 figura
426 999 671 1037 delineatum
696 1008 771 1044 est,
798 1001 1113 1039 circumferatur.
1165 1001 1331 1038 Acelivis
1349 1010 1482 1037 autem
1503 1002 1565 1037 via

145 1079 200 1108 est
222 1084 269 1108 ex
290 1070 410 1108 Vesta
434 1070 485 1108 acl
515 1071 690 1115 coelum,
718 1070 846 1120 qualis
875 1072 950 1107 erit
971 1072 1013 1108 in
1040 1071 1144 1108 linea
1174 1070 1253 1108 CG.
1301 1071 1377 1108 Ubi
1400 1085 1491 1109 vero
1513 1071 1564 1108 ad

144 1141 328 1179 infimum
344 1141 573 1179 coelestium
593 1140 752 1178 orbium
765 1148 1053 1193 pervenerunt,
1067 1141 1185 1178 etiam
1207 1141 1364 1180 coelum
1379 1141 1563 1194 deinceps

141 1222 459 1267 perrumpentes,
487 1227 534 1251 ex
555 1213 593 1249 G
613 1212 664 1249 ad
681 1213 719 1249 H
737 1221 908 1259 evectae,
934 1214 976 1250 in
994 1227 1147 1251 summo
1163 1214 1315 1265 fastigio
1334 1215 1560 1254 consistunt.

142 1293 181 1323 et
198 1285 451 1323 circumlatae
478 1284 671 1322 continuo
697 1283 797 1321 coeli
819 1292 931 1321 motu
953 1283 1085 1321 omnia
1104 1292 1303 1336 spectant,
1330 1297 1433 1335 quae
1452 1292 1560 1321 extra

140 1356 339 1394 mundum
371 1364 470 1392 sunt.
522 1357 571 1392 At
602 1368 703 1406 quae
736 1368 783 1392 eo
813 1355 1023 1407 pervenire
1056 1364 1220 1407 propter
1246 1354 1561 1392 imbecillitatem

142 1435 180 1464 et
197 1426 472 1479 impotentiam
491 1434 719 1478 nequeunt,
736 1440 804 1464 eae
820 1427 898 1465 iam
914 1426 1130 1465 introrsum
1148 1426 1348 1471 recidunt,
1369 1434 1408 1464 et
1424 1425 1557 1463 ferun-

141 1507 207 1536 tur
224 1498 266 1534 in
283 1507 443 1543 terram,
470 1499 549 1536 sive
565 1498 703 1537 eadem
721 1500 798 1544 via,
826 1512 905 1551 qua
920 1498 1191 1543 ascenderant,
1212 1498 1308 1542 HF,
1327 1498 1424 1542 sive,
1446 1496 1558 1549 quod

139 1571 377 1623 symbolicae
398 1571 614 1609 verborum
638 1571 785 1610 rationi
805 1572 925 1610 etiam
953 1572 1072 1623 magis
1097 1579 1236 1622 aptum
1252 1570 1430 1615 videtur,
1458 1569 1558 1607 obli-

138 1655 219 1694 quo
240 1655 331 1680 casu
356 1656 403 1680 ex
425 1642 464 1679 H
489 1642 551 1680 vel
573 1641 610 1679 G
637 1642 700 1680 vel
721 1642 928 1680 interiecto
950 1642 1074 1695 spatio
1104 1643 1146 1680 in
1175 1642 1360 1680 tellurem
1383 1642 1432 1678 D.

238 1714 440 1750 Habemus
465 1723 598 1751 autem
622 1714 665 1750 in
692 1712 770 1751 hoc
798 1713 967 1751 Phaedri
993 1714 1082 1750 loco
1114 1721 1189 1750 tres
1223 1712 1395 1749 universi
1424 1711 1557 1762 plagas

137 1783 437 1835 (διακόσμους),
475 1796 699 1835 supremam
720 1791 829 1819 extra
855 1782 1162 1834 adspectabilem
1188 1782 1402 1826 mundum,
1437 1794 1557 1833 supra

136 1855 194 1903 H;
230 1855 420 1901 mediam,
447 1854 559 1907 quod
590 1854 747 1892 coelum
774 1862 955 1898 vocatur,
995 1853 1100 1891 inter
1133 1853 1171 1890 H
1200 1862 1239 1892 et
1266 1853 1325 1900 G;
1360 1852 1557 1897 infimam,

137 1926 216 1965 sive
236 1927 494 1965 sublunarem
516 1925 732 1970 mundum,
759 1926 802 1963 in
829 1938 910 1976 quo
938 1933 992 1962 est
1018 1933 1139 1962 terra:
1173 1933 1213 1962 et
1237 1933 1364 1962 terrae
1392 1923 1557 1976 quidem

178 2082 218 2122 *)
263 2084 303 2114 V.
320 2096 353 2127 p.
368 2093 438 2124 109.
457 2084 494 2115 C.
519 2084 687 2115 Praeterea
702 2083 741 2114 de
756 2082 816 2114 hac
830 2088 901 2112 tota
916 2093 949 2112 re
965 2080 1006 2112 cf.
1024 2081 1173 2113 Proclum
1191 2082 1308 2113 Theol.
1325 2082 1408 2114 Plat.
1428 2080 1486 2118 IV,
1505 2080 1555 2111 16.
