1784 2512
1563 152 1609 183 IX

202 241 438 280 ascendente
466 239 598 276 lucem
621 236 780 290 accipit,
822 235 1022 274 submerso
1051 243 1191 286 autom·
1214 238 1318 277 infra
1347 240 1506 280 finalem
1535 241 1608 281 cir-

203 315 340 352 culum
363 311 546 349 umbram
564 308 833 361 superioribus
856 307 1084 359 regionibus
1105 309 1209 347 mole
1227 323 1295 347 sua
1316 311 1472 356 obiicit,
1508 314 1606 352 lucis

196 383 329 422 radios
359 391 444 420 tum
471 379 521 417 ab
551 380 676 418 altero
699 378 988 432 hemisphaerio
1014 388 1099 417 tum
1121 393 1144 417 a
1165 381 1385 433 superiecto
1409 383 1520 421 coelo
1541 384 1606 422 de-

199 455 377 493 fendens.
427 452 517 489 Non
548 452 698 489 moveri
727 451 932 494 tellurem,
971 450 1129 488 Proclus
1156 459 1194 487 et
1227 452 1449 504 Simplicius
1480 462 1605 490 osten-

198 525 301 563 dunt
326 536 374 561 ex
399 521 610 561 Phaedone
622 521 674 572 *)‚
701 521 773 559 ubi
796 521 959 559 dicitur:
990 525 1061 567 τὴν
1088 525 1306 573 ὁμοιότητα
1334 529 1411 563 τοῦ
1437 530 1605 579 οὐρανοῦ

200 600 329 633 αὐτοῦ
348 599 475 645 ἑαυτῷ
493 598 645 640 πάντη,
673 596 737 632 καὶ
758 599 832 639 ῑτῆς
857 599 922 644 γῆς
947 598 1066 638 αὐτῆς
1086 597 1155 637 τὴν
1173 598 1423 648 ἰσοῤῥοπίαν,
1450 594 1602 632 adiecta

198 678 329 702 causa:
370 670 582 721 ὶσόῤῥοπον
608 668 679 719 γὰρ
704 661 863 718 πρᾶγμα
890 667 1025 714 ὁμοίου
1050 668 1157 709 τινὸς
1184 669 1223 704 ἐν
1240 669 1341 717 μέσῳ
1366 671 1500 713 τεθὲν,
1527 672 1602 719 οὐχ

196 739 272 782 ἕξει
298 742 451 786 μᾶλλον
473 736 552 774 οὐδ’
577 736 699 782 ἧττον
720 734 918 786 οὐδαμόσε
938 740 1139 781 κλιθῆναι·
1168 739 1302 784 ὁμοίως
1324 736 1355 775 δ’
1382 738 1473 788 ἕχον
1497 741 1604 775 ἀκλι-

196 812 255 851 νὲς
276 811 393 857 μένει.
447 807 591 843 Parum
613 806 774 843 firmum
793 814 929 842 tamen
950 815 1227 858 argumentum
1251 815 1306 844 est
1326 820 1372 843 ex
1394 805 1605 843 Phaedone

194 876 361 914 ductum
378 876 430 913 ad
448 875 792 930 interpretandum
812 876 961 914 Timaei
985 877 1136 916 locum:
1163 891 1236 915 nec
1261 876 1400 914 melius
1421 877 1605 921 alterum,

190 947 305 997 quod
339 948 485 984 Locrus
516 947 716 990 Timaeus,
759 960 882 995 quem
909 948 1020 983 Plato
1051 948 1164 996 sequi
1193 948 1424 996 putabatur,
1463 956 1606 983 terram

189 1023 295 1053 stare
312 1014 501 1061 affirmat,
520 1016 632 1065 quia,
657 1023 703 1052 ut
722 1028 854 1067 nuper
872 1016 1149 1066 explicuimus,
1168 1029 1251 1054 non
1274 1016 1383 1053 Plato
1403 1029 1450 1054 ex
1463 1016 1604 1071 Locro,

192 1087 260 1124 sed
280 1095 510 1139 personatus
530 1087 677 1124 Locrus
695 1099 747 1135 ex
775 1085 939 1123 Platone
963 1098 1033 1122 sua
1061 1086 1297 1138 compilavit.
1349 1088 1398 1124 At
1424 1087 1604 1125 omnium

185 1157 457 1195 firmissimum
481 1166 520 1195 et
546 1157 805 1195 certissimum
819 1165 1098 1209 argumentum
1117 1170 1165 1194 ex
1189 1157 1271 1210 ipso
1295 1166 1428 1196 nostro
1447 1158 1601 1210 dialogo

190 1237 411 1281 sumptum,
447 1228 593 1273 adhuc,
627 1228 738 1280 quod
763 1229 850 1266 iure
878 1229 1039 1273 mirere,
1076 1242 1194 1267 nemo
1218 1230 1386 1280 reperit„
1429 1229 1603 1273 Etenim,

192 1313 319 1349 quum
342 1300 484 1351 paullo
508 1313 626 1351 supra
640 1298 698 1343 *ἢ
719 1299 859 1335 orbem
879 1298 1082 1337 stellarum
1104 1297 1289 1342 fixarum,
1316 1311 1437 1349 quem
1459 1297 1603 1336 Graeci

193 1373 349 1413 ἀπλανῆ
370 1368 588 1422 appellant,
614 1368 861 1405 dextrorsum
886 1368 980 1405 ferri
1005 1367 1240 1419 quotidiano
1262 1376 1374 1405 motu
1395 1369 1503 1406 Plato
1528 1377 1601 1406 sta-

192 1438 345 1482 tuisset,
379 1452 461 1475 non
487 1447 644 1491 poterat
669 1439 798 1477 ullum
824 1447 950 1477 ‚terrae
967 1447 1119 1476 motum
1137 1438 1363 1483 admittere,
1390 1439 1501 1489 quia,
1529 1439 1600 1489 qui

191 1507 299 1545 hunc
329 1507 520 1553 admittit,
561 1509 677 1547 illum
704 1522 787 1547 non
815 1510 955 1548 tollere
979 1522 1061 1547 non
1086 1517 1222 1562 potest.
1272 1508 1452 1553 Accedit,
1492 1508 1603 1560 quod

232 1741 266 1782 *)
309 1753 343 1784 p.
368 1751 436 1783 109.
459 1741 497 1771 A.

232 1829 286 1870 **)
309 1843 352 1880 P'.
367 1828 417 1861 36.
441 1829 478 1860 C.
522 1830 744 1861 Dexttorsum
776 1838 945 1869 movetur,
979 1831 1055 1873 quia
1081 1832 1134 1862 hic
1154 1839 1259 1862 motus
1283 1831 1437 1862 convenit
1466 1837 1600 1861 naturae

315 1893 469 1924 Eiusdem
494 1893 684 1934 (ταυτοῦ),
707 1892 746 1923 de
767 1904 833 1935 quo
852 1905 883 1925 v.
901 1893 1004 1925 Procl.
1027 1893 1066 1924 ad
1086 1895 1169 1924 Tim.
1191 1894 1231 1931 V,
1253 1892 1368 1937 p.544.
1395 1893 1448 1925 Cf.
1464 1894 1597 1923 Aristot.

318 1955 468 1996 Metaph.
492 1957 524 1993 Ι,
547 1955 577 1989 5,
624 1956 729 1997 Quam
752 1966 864 1998 parum
889 1956 939 1985 his
956 1956 1081 1998 placitis
1104 1963 1209 1986 terrae
1224 1964 1331 1986 motus
1354 1956 1393 1986 ab
1417 1956 1541 1985 oriente
1561 1953 1601 1983 ad

319 2015 536 2055 occidentem,
570 2017 627 2060 qui
652 2017 868 2048 sinistrorsum
894 2017 950 2055 fit,
981 2027 1154 2060 congruat,
1178 2017 1260 2048 nihil
1283 2030 1364 2060 opus
1389 2026 1438 2048 est
1458 2027 1598 2049 monere.
