1784 2512
240 117 350 153 XXVI

238 212 316 252 nisi
343 211 473 264 ipsum
508 209 567 256 id,
615 208 723 263 quod
752 208 928 247 sensibus
958 207 1272 262 haudquaquam
1308 209 1546 263 percipitur,
1584 210 1653 249 sed

237 282 318 320 sola
339 283 495 320 ratione
511 281 764 333 intelligitur,
791 272 938 317 intueri
957 280 1101 332 gestias.
1139 279 1270 318 Verus
1289 288 1552 327 astronomus,
1578 281 1651 326 ait,

237 353 395 391 coelum
419 352 648 391 universum
674 365 794 403 quam
817 350 1096 404 perfectissime
1120 350 1357 389 fabricatum
1382 364 1461 390 esse
1483 351 1651 390 affirma-

235 424 314 462 bit.-
349 435 569 474 numquam
600 420 910 470 tamen'credet,
946 420 1124 460 noctium
1150 430 1190 459 et
1215 421 1372 460 dierum
1392 430 1512 474 atque
1540 435 1650 461 men-

233 495 333 532 sium
355 502 394 532 et
417 506 618 531 annorum
636 494 761 545 spatia
781 501 1057 544 astrorumque
1077 501 1206 530 motus
1223 492 1316 530 tales
1343 505 1440 537 esse,
1467 501 1513 530 ut
1534 507 1648 531 num-

231 576 356 615 quam
385 571 613 608 mutentur,
650 565 801 618 quippe
825 577 953 617 quum
979 577 1024 603 ea
1048 577 1191 617 corpus
1213 563 1390 603 habeant
1412 571 1452 602 et
1473 565 1647 618 conspici

226 643 396 686 queant:
423 648 556 686 neque
579 635 649 673 ille
677 648 868 687 umquam
887 649 1023 673 earum
1048 648 1182 673 rerum
1201 635 1421 673 absolutam
1443 635 1648 673 veritatem

227 705 462 759 investigare
485 705 599 744 volet.
655 707 708 744 Ut
731 707 773 745 in
796 707 1011 759 geometria
1037 707 1171 760 igitur,
1198 707 1251 744 ita
1276 706 1319 744 in
1339 707 1578 745 astronomia
1608 716 1648 745 et

225 777 375 815 musica
398 778 571 816 rationes
592 779 725 831 potius
753 777 972 830 sequendas
995 790 1089 822 esse,
1116 778 1205 816 istos
1225 785 1357 815 autem
1377 777 1420 815 in
1444 778 1555 815 coelo
1577 791 1645 830 ap-

222 857 406 900 parentes
430 858 577 893 motus,
604 858 643 886 et
666 850 708 886 in
728 850 999 889 instrumentis
1016 858 1222 902 perceptos
1244 849 1407 888 auribus
1423 861 1538 887 sonos
1558 850 1646 887 mit-

222 918 387 962 midos,
430 920 555 968 quod,
598 920 668 969 qui
690 933 755 958 eos
782 920 914 971 metiri
943 919 1107 963 vellent,
1145 919 1306 957 inanem
1333 929 1458 958 essent
1484 932 1646 971 operam

220 987 452 1040 suscepturi.
498 988 561 1025 Sic
578 997 780 1026 censentes
797 988 999 1025 Philolaus
1023 996 1062 1024 et
1080 987 1346 1039 Pythagorici,
1375 1002 1501 1039 quum
1519 989 1645 1026 multa

221 1059 266 1097 in
288 1067 456 1097 naturae
481 1058 708 1110 cognitione
733 1058 948 1110 fingerent,
986 1057 1086 1109 quid
1118 1058 1287 1102 mirum,
1312 1059 1345 1095 si
1373 1059 1417 1095 in
1437 1045 1643 1098 nonnullis

219 1129 327 1168 inter
351 1143 391 1168 se
412 1129 709 1183 discrepabant?
744 1129 885 1181 Itaque
901 1142 952 1167 ne
981 1128 1024 1166 in
1047 1129 1214 1168 centrali
1242 1129 1405 1181 quidem
1437 1130 1528 1183 igne
1548 1144 1642 1169 con-

216 1201 449 1239 sentiebant.
500 1200 725 1253 Simplicius
752 1201 879 1246 enim,
913 1209 1123 1253 postquam
1144 1214 1208 1246 ea,
1235 1214 1339 1253 quae
1360 1213 1478 1255 supra
1504 1202 1640 1247 retuli,

220 1273 418 1328 exposuit,
446 1272 547 1311 haec
568 1272 745 1310 subiicit:
771 1272 832 1310 Sic
854 1272 1038 1324 quidem,
1064 1272 1139 1316 ait,
1163 1272 1390 1310 Aristoteles
1408 1272 1640 1323 Pythagori-

216 1356 357 1381 corum
380 1343 527 1396 placita
556 1343 770 1390 intellexit3
797 1342 868 1394 qui
891 1351 1022 1380 tamen
1046 1342 1165 1380 altius
1186 1341 1349 1380 scrutati
1371 1350 1480 1387 sunt,
1507 1342 1641 1395 ignem

217 1412 360 1452 dicunt
379 1413 459 1452 vim
484 1413 723 1451 formantem
744 1427 842 1458 esse,
870 1421 909 1451 et
925 1412 1187 1451 antichthona
1207 1413 1347 1451 lunam
1367 1421 1487 1464 atque
1505 1413 1650 1472 aethe-ยน

216 1483 316 1522 riam
346 1484 457 1535 quasi
486 1494 645 1531 terram3
695 1485 826 1536 ignem
866 1498 961 1522 vero
991 1497 1038 1522 ex
1070 1483 1200 1523 media
1237 1483 1381 1521 tellure
1412 1484 1637 1522 universam

216 1554 371 1591 nutrire
396 1568 440 1591 ac
471 1563 697 1593 sustentare.
747 1556 810 1593 De
838 1555 935 1592 luna
958 1554 1070 1607 quod
1096 1554 1212 1600 dicit,
1246 1555 1480 1606 neutiquam
1511 1554 1636 1591 credi-

214 1623 365 1662 derim:
392 1624 512 1661 etiam
536 1633 664 1661 cetera
685 1638 766 1661 non
787 1626 838 1661 ita
865 1625 1150 1669 intellexerim,
1177 1633 1223 1662 ut
1249 1638 1386 1662 omnes
1405 1624 1635 1676 Pythagori-

214 1707 278 1732 cos
297 1696 352 1733 sic
374 1697 550 1734 statuisse
576 1707 773 1739 censeam,
802 1708 928 1746 quum
952 1693 1135 1732 Philolao
1152 1694 1283 1747 ignem
1304 1694 1529 1732 seiunctum
1554 1707 1632 1732 esse

214 1777 237 1802 a
272 1767 409 1805 ceteris
446 1767 639 1821 sphaeris,
683 1765 929 1819 geometricis
966 1764 1188 1802 rationibus
1222 1764 1533 1803 demonstratum
1561 1765 1629 1802 sit:

212 1835 346 1887 potius
389 1836 484 1875 haec
521 1836 731 1890 singularis
770 1835 1063 1874 nonnullorum
1102 1833 1455 1887 Pythagoricorum
1491 1834 1628 1888 opinio

211 1906 372 1944 videtur
392 1906 527 1952 fuisse,
561 1909 632 1959 qui
662 1909 794 1960 ignem
823 1920 908 1946 non
937 1918 1081 1959 corpus
1108 1906 1150 1943 in
1172 1905 1303 1944 medio
1330 1906 1521 1958 positum,
1559 1905 1627 1942 sed

210 1989 285 2027 per
320 1978 549 2018 universum
577 1978 775 2018 mundum
809 1986 1034 2032 porrectam
1072 1977 1246 2018 animam
1279 1975 1481 2014 haberent.
1544 1974 1626 2025 Hos
