1784 2512
1521 158 1604 192 XIII

193 255 401 308 ἐπειρᾶτο,
442 254 570 302 μένειν
601 251 672 290 τὸν
703 250 871 304 οὐρανὸν
904 250 1210 299 ὑποτιθέμενος,
1253 251 1527 296 ἐξελίττεσθαι
1560 253 1601 293 δὲ

192 328 298 364 κατὰ
329 324 448 369 λοξοῦ
478 325 622 361 κύκλου
654 327 725 367 τῆν
750 326 845 371 γῆν,
881 320 965 369 ἅμα
996 322 1062 359 καὶ
1099 324 1184 374 περὶ
1219 324 1291 359 τὸν
1323 326 1443 366 αὐτῆς
1478 324 1601 370 ἄξονα

189 394 439 446 δινουμένην,
466 402 569 444 quae
587 390 706 431 verba
723 400 816 431 sunt
834 388 1035 429 Plutarchi
1059 389 1101 429 in
1124 391 1228 429 libro
1249 390 1299 429 de
1316 391 1415 430 facie
1438 392 1482 431 in
1504 394 1598 433 orbe

186 465 315 502 lunae.
327 463 365 508 ⁴²)
427 463 522 500 Mox
551 463 821 500 Aristarchum
851 469 1006 500 secutus
1041 470 1098 499 est
1132 462 1372 515 Erythraeus
1404 463 1599 503 Seleucus.

185 536 235 575 Et
257 533 517 587 Theophrasti
541 535 716 574 narratio
739 534 930 580 refertur,
957 548 1059 586 quae
1080 534 1303 581 Platonem,
1332 550 1458 587 quum
1478 550 1596 575 senex

183 613 296 650 esset,
321 606 561 659 poenituisse
586 606 703 655 dicit,
729 606 840 660 quod
859 614 984 644 terrae
1007 605 1186 644 medium
1207 605 1348 645 mundi
1369 607 1504 645 locum
1527 608 1594 646 tri·

180 676 346 723 buisset,
379 679 450 729 qui
477 678 753 730 praestantiori
773 678 905 730 potius
927 678 1117 730 sphaerae
1143 678 1397 730 assignandus
1419 689 1522 717 esset.
1538 680 1593 730 *ἢ

179 749 234 786 Ac
251 749 395 801 quidni
419 749 528 787 Plato
548 750 591 787 in
609 763 695 788 eam
715 750 950 788 sententiam
968 749 1172 794 inciderit,
1200 763 1324 801 quum
1348 750 1425 788 iam
1448 750 1592 803 Pytha·

177 821 300 872 gorici
345 829 488 858 terram
528 834 612 858 non
662 816 983 859 excellentiorem
1024 820 1164 858 ceteris
1210 821 1319 858 astris
1360 821 1592 865 habuerint,

176 903 384 943 quumque
413 891 751 944 Xenophanflsst
786 891 988 930 Philolaus
1017 891 1156 929 lunam
1186 904 1269 929 non
1305 891 1436 928 minus
1467 904 1590 943 quam

173 961 380 1003 tellurem,
406 963 625 998 multorum
652 945 852 998 montium
874 973 912 999 et
932 965 1096 1001 urbium
1116 971 1263 998 terram
1285 961 1466 1009 adeoque
1490 962 1590 997 eius-

173 1029 264 1067 dem
284 1038 449 1068 naturae
476 1044 553 1068 esse
578 1031 918 1081 censuerint?***)
954 1033 1137 1070 Ceterum
1160 1030 1407 1068 Aristarchus
1433 1043 1480 1068 ex
1500 1030 1586 1067 Pla-

174 1100 276 1137 tonis
314 1100 477 1151 quidem
509 1101 689 1138 doctrina
724 1102 789 1138 vix
818 1102 1039 1155 quidquam
1066 1102 1300 1155 profecerit,
1342 1100 1412 1138 sed
1447 1113 1521 1152 per
1544 1113 1583 1136 se

169 1170 210 1208 id
248 1172 441 1223 placitum
473 1172 658 1225 amplecti
699 1172 868 1211 debehat
917 1174 965 1219 is,
1033 1175 1104 1224 qui
1140 1173 1263 1210 solem
1310 1181 1415 1209 terra
1453 1171 1581 1208 multo

210 1334 250 1375 >¹²)
294 1347 325 1378 p.
349 1333 400 1365 55.
428 1336 469 1365 Τ.
487 1336 562 1367 VII.
591 1335 640 1366 ed.
662 1336 749 1368 Tuh.
774 1337 963 1369 Moralium.
998 1337 1048 1369 Cf.
1081 1337 1145 1379 Qu.
1172 1337 1270 1367 Platt.
1289 1336 1371 1374 VII,
1393 1348 1425 1379 p.
1443 1344 1515 1376 271.
1539 1334 1577 1364 de

291 1398 392 1440 place.
418 1397 552 1441 philoss.
580 1399 628 1437 Π,
660 1404 712 1440 24.
745 1399 802 1430 uhi
826 1408 858 1431 et
892 1401 954 1441 (ex
979 1398 1107 1431 Corsini
1135 1398 1387 1440 emendatione)
1418 1408 1492 1429 vera
1522 1395 1577 1427 de-

292 1460 435 1491 fectuum
461 1462 538 1491 solis
563 1473 598 1491 ac
619 1462 714 1492 lunae
735 1464 818 1493 ratio
841 1463 1005 1501 redditu13
1028 1465 1105 1493 item
1123 1463 1241 1493 Sextus
1259 1461 1440 1503 Empiricus
1460 1467 1493 1489 et
1515 1460 1575 1488 Ar-

291 1521 450 1552 chimedes
474 1522 508 1553 ll.
532 1522 566 1553 ll.
593 1535 644 1567 ap.
670 1523 804 1569 IVIenag.
829 1524 868 1555 ad
894 1524 996 1569 Diog.
1014 1525 1056 1555 L.
1076 1524 1171 1563 VIII,
1195 1521 1247 1557 85.
1283 1522 1437 1554 Ceterum
1458 1521 1575 1552 mirum

290 1593 339 1616 est
363 1585 552 1617 Cleanthem
577 1586 616 1617 de
639 1586 824 1617 Aristarcho
848 1596 913 1618 tam
938 1588 1021 1617 male
1045 1588 1223 1624 iudicasse,
1255 1597 1326 1616 cum
1349 1585 1405 1616 ille
1423 1586 1494 1628 ipse
1514 1584 1576 1615 soli

291 1649 510 1690 principatum
536 1648 647 1678 mundi
667 1648 846 1686 tribueret,
878 1659 945 1678 non
970 1656 1088 1680 terrae²
1130 1648 1172 1680 V.
1190 1647 1279 1679 Stcb.
1302 1648 1436 1690 Eclogg.
1461 1646 1571 1689 physs-

289 1711 323 1746 1,
348 1717 397 1739 22.
423 1721 455 1751 p.
473 1709 544 1744 452.
589 1711 794 1752 Quapropter
815 1712 924 1741 nescio
953 1723 992 1741 an
1017 1711 1161 1741 deridere
1191 1710 1344 1740 Graecam
1366 1708 1574 1751 superstitio-

289 1784 362 1804 nem
386 1772 545 1812 voluerit,
575 1774 643 1817 ipse
663 1772 841 1803 Aristarchi
860 1774 1039 1804 sententiae
1057 1772 1212 1804 addictus.

202 1865 256 1907 **)
285 1866 449 1897 Plutarch.
477 1866 540 1908 Qu.
567 1866 660 1897 Platt.
687 1865 765 1896 ssiid.
789 1873 821 1896 et
842 1866 900 1897 vit.
920 1865 1019 1896 Num.
1040 1865 1079 1897 T.
1099 1865 1131 1903 Ῐ,
1154 1878 1186 1909 p.
1208 1865 1277 1897 166.
1302 1865 1350 1896 ed.
1373 1864 1460 1895 Tub.
1479 1863 1571 1895 Vita·

284 1941 366 1959 rum.
389 1930 612 1972 Pythagoricis
628 1929 744 1958 tribuit
762 1930 884 1958 Auctor
898 1928 936 1957 de
953 1928 1051 1970 place.
1069 1927 1205 1970 philoss.
1224 1929 1278 1966 Π,
1301 1929 1354 1960 50.
1380 1928 1433 1958 Cf.
1452 1927 1570 1956 librum

283 1992 322 2022 de
342 1992 423 2022 facie
441 1993 475 2021 in
499 1993 577 2023 orbe
593 1992 687 2022 lunae
707 1990 785 2021 ibid.
1363 2028 1373 2045 ί

197 2076 275 2117 ***)
308 2078 375 2108 Cic.
398 2078 495 2108 Acad.
518 2078 580 2120 Qu.
604 2079 663 2116 IV,
685 2078 736 2120 59.
766 2079 853 2109 Stoh.
877 2079 1010 2122 Eclogg.
1034 2079 1145 2122 phy-³5·
1164 2077 1201 2115 Ι,
1226 2085 1276 2119 27.
1298 2088 1331 2119 p.
1348 2075 1420 2109 562.
