<?xml version="1.0" encoding="UTF-8"?>
<!DOCTYPE html PUBLIC "-//W3C//DTD XHTML 1.0 Transitional//EN"
    "http://www.w3.org/TR/xhtml1/DTD/xhtml1-transitional.dtd">
<html xmlns="http://www.w3.org/1999/xhtml" xml:lang="en" lang="en">
 <head>
  <title>
</title>
<meta http-equiv="Content-Type" content="text/html;charset=utf-8" />
  <meta name='ocr-system' content='tesseract 3.04.00' />
  <meta name='ocr-capabilities' content='ocr_page ocr_carea ocr_par ocr_line ocrx_word'/>
</head>
<body>
  <div class='ocr_page' id='page_1' title='image "4627576_0026.png"; bbox 0 0 1784 2512; ppageno 0'>
   <div class='ocr_carea' id='block_1_1' title="bbox 217 97 329 131">
    <p class='ocr_par' dir='ltr' id='par_1_1' title="bbox 217 97 329 131">
     <span class='ocr_line' id='line_1_1' title="bbox 217 97 329 131; baseline -0.036 0"><span class='ocrx_word' id='word_1_1' title='bbox 217 97 329 131; x_wconf 88' lang='lat' dir='ltr'>XVIII</span> 
     </span>
    </p>
   </div>
   <div class='ocr_carea' id='block_1_2' title="bbox 188 185 1625 1373">
    <p class='ocr_par' dir='ltr' id='par_1_2' title="bbox 196 185 1625 951">
     <span class='ocr_line' id='line_1_2' title="bbox 218 185 1624 241; baseline 0.001 -14"><span class='ocrx_word' id='word_1_2' title='bbox 218 188 412 241; x_wconf 83' lang='lat' dir='ltr'><strong>explicare</strong></span> <span class='ocrx_word' id='word_1_3' title='bbox 438 185 638 225; x_wconf 77' lang='lat' dir='ltr'>Philolaus</span> <span class='ocrx_word' id='word_1_4' title='bbox 663 185 806 224; x_wconf 78' lang='lat' dir='ltr'><strong>voluit:</strong></span> <span class='ocrx_word' id='word_1_5' title='bbox 842 192 989 226; x_wconf 88' lang='lat' dir='ltr'><strong>motam</strong></span> <span class='ocrx_word' id='word_1_6' title='bbox 1014 186 1119 225; x_wconf 89' lang='lat' dir='ltr'><strong>enim</strong></span> <span class='ocrx_word' id='word_1_7' title='bbox 1142 187 1291 225; x_wconf 89' lang='lat' dir='ltr'><strong>circum</strong></span> <span class='ocrx_word' id='word_1_8' title='bbox 1322 188 1453 239; x_wconf 82' lang='lat' dir='ltr'><strong>ignem</strong></span> <span class='ocrx_word' id='word_1_9' title='bbox 1480 196 1624 229; x_wconf 82' lang='lat' dir='ltr'><strong>terram</strong></span> 
     </span>
     <span class='ocr_line' id='line_1_3' title="bbox 214 258 1625 313; baseline -0.001 -15"><span class='ocrx_word' id='word_1_10' title='bbox 214 259 370 298; x_wconf 76' lang='lat' dir='ltr'><strong>efficere</strong></span> <span class='ocrx_word' id='word_1_11' title='bbox 391 259 493 297; x_wconf 86' lang='lat' dir='ltr'><strong>diem</strong></span> <span class='ocrx_word' id='word_1_12' title='bbox 515 266 751 309; x_wconf 85' lang='lat' dir='ltr'><strong>noctemque</strong></span> <span class='ocrx_word' id='word_1_13' title='bbox 772 270 819 295; x_wconf 85' lang='lat' dir='ltr'><strong>ex</strong></span> <span class='ocrx_word' id='word_1_14' title='bbox 841 258 1056 296; x_wconf 80' lang='lat' dir='ltr'><strong>Aristotelis</strong></span> <span class='ocrx_word' id='word_1_15' title='bbox 1072 259 1298 297; x_wconf 85' lang='lat' dir='ltr'><strong>narratione</strong></span> <span class='ocrx_word' id='word_1_16' title='bbox 1315 267 1529 299; x_wconf 83' lang='lat' dir='ltr'><strong>statuerant</strong></span> <span class='ocrx_word' id='word_1_17' title='bbox 1552 262 1625 313; x_wconf 86' lang='lat' dir='ltr'><strong>Py-</strong></span> 
     </span>
     <span class='ocr_line' id='line_1_4' title="bbox 213 327 1621 382; baseline 0.002 -15"><span class='ocrx_word' id='word_1_18' title='bbox 213 330 402 382; x_wconf 82' lang='lat' dir='ltr'><strong>thagorici</strong></span> <span class='ocrx_word' id='word_1_19' title='bbox 445 337 483 365; x_wconf 91' lang='lat' dir='ltr'><strong>et</strong></span> <span class='ocrx_word' id='word_1_20' title='bbox 510 329 612 366; x_wconf 86' lang='lat' dir='ltr'><strong>inter</strong></span> <span class='ocrx_word' id='word_1_21' title='bbox 640 341 703 365; x_wconf 89' lang='lat' dir='ltr'><strong>eos</strong></span> <span class='ocrx_word' id='word_1_22' title='bbox 733 327 841 365; x_wconf 87' lang='lat' dir='ltr'><strong>haud</strong></span> <span class='ocrx_word' id='word_1_23' title='bbox 873 328 994 367; x_wconf 89' lang='lat' dir='ltr'><strong>dubie</strong></span> <span class='ocrx_word' id='word_1_24' title='bbox 1027 328 1238 367; x_wconf 85' lang='lat' dir='ltr'><strong>Philolaus.</strong></span> <span class='ocrx_word' id='word_1_25' title='bbox 1281 331 1378 368; x_wconf 91' lang='lat' dir='ltr'><strong>Hoc</strong></span> <span class='ocrx_word' id='word_1_26' title='bbox 1407 344 1500 368; x_wconf 86' lang='lat' dir='ltr'><strong>vero</strong></span> <span class='ocrx_word' id='word_1_27' title='bbox 1531 346 1621 370; x_wconf 86' lang='lat' dir='ltr'><strong>cum</strong></span> 
     </span>
     <span class='ocr_line' id='line_1_5' title="bbox 212 400 1623 452; baseline 0 -13"><span class='ocrx_word' id='word_1_28' title='bbox 212 411 312 439; x_wconf 85' lang='lat' dir='ltr'><strong>terra</strong></span> <span class='ocrx_word' id='word_1_29' title='bbox 337 414 416 437; x_wconf 88' lang='lat' dir='ltr'><strong>non</strong></span> <span class='ocrx_word' id='word_1_30' title='bbox 441 400 637 437; x_wconf 88' lang='lat' dir='ltr'><strong>rotatione</strong></span> <span class='ocrx_word' id='word_1_31' title='bbox 661 400 809 437; x_wconf 86' lang='lat' dir='ltr'><strong>circum</strong></span> <span class='ocrx_word' id='word_1_32' title='bbox 829 414 939 437; x_wconf 86' lang='lat' dir='ltr'>axem</span> <span class='ocrx_word' id='word_1_33' title='bbox 956 400 1119 443; x_wconf 83' lang='lat' dir='ltr'><strong>efficiat,</strong></span> <span class='ocrx_word' id='word_1_34' title='bbox 1145 408 1328 452; x_wconf 88' lang='lat' dir='ltr'><strong>apertum</strong></span> <span class='ocrx_word' id='word_1_35' title='bbox 1353 410 1409 438; x_wconf 89' lang='lat' dir='ltr'><strong>est</strong></span> <span class='ocrx_word' id='word_1_36' title='bbox 1432 401 1516 439; x_wconf 84' lang='lat' dir='ltr'><strong>fieri</strong></span> <span class='ocrx_word' id='word_1_37' title='bbox 1537 416 1623 439; x_wconf 91' lang='lat' dir='ltr'><strong>mu-</strong></span> 
     </span>
     <span class='ocr_line' id='line_1_6' title="bbox 211 469 1621 526; baseline 0.001 -17"><span class='ocrx_word' id='word_1_38' title='bbox 211 470 357 509; x_wconf 75' lang='lat' dir='ltr'><strong>tatione</strong></span> <span class='ocrx_word' id='word_1_39' title='bbox 386 469 533 523; x_wconf 86' lang='lat' dir='ltr'><strong>positus</strong></span> <span class='ocrx_word' id='word_1_40' title='bbox 555 469 605 508; x_wconf 89' lang='lat' dir='ltr'><strong>ad</strong></span> <span class='ocrx_word' id='word_1_41' title='bbox 632 469 752 509; x_wconf 70' lang='lat' dir='ltr'><strong>solem</strong></span> <span class='ocrx_word' id='word_1_42' title='bbox 778 470 851 526; x_wconf 71' lang='grc' dir='ltr'><strong>(τῇ</strong></span> <span class='ocrx_word' id='word_1_43' title='bbox 873 475 964 526; x_wconf 75' lang='grc' dir='ltr'><em>πρὸς</em></span> <span class='ocrx_word' id='word_1_44' title='bbox 988 475 1059 513; x_wconf 84' lang='grc' dir='ltr'><strong>τὸν</strong></span> <span class='ocrx_word' id='word_1_45' title='bbox 1087 472 1199 518; x_wconf 79' lang='grc' dir='ltr'><em>ἥλιον</em></span> <span class='ocrx_word' id='word_1_46' title='bbox 1227 474 1413 525; x_wconf 87' lang='grc' dir='ltr'><strong>σχέσει),</strong></span> <span class='ocrx_word' id='word_1_47' title='bbox 1446 481 1492 511; x_wconf 85' lang='lat' dir='ltr'><strong>ut</strong></span> <span class='ocrx_word' id='word_1_48' title='bbox 1518 482 1621 511; x_wconf 88' lang='lat' dir='ltr'><strong>recte</strong></span> 
     </span>
     <span class='ocr_line' id='line_1_7' title="bbox 204 541 1619 596; baseline 0.001 -17"><span class='ocrx_word' id='word_1_49' title='bbox 204 541 317 579; x_wconf 84' lang='lat' dir='ltr'><strong>addit</strong></span> <span class='ocrx_word' id='word_1_50' title='bbox 340 541 561 593; x_wconf 89' lang='lat' dir='ltr'><strong>Simplicius</strong></span> <span class='ocrx_word' id='word_1_51' title='bbox 583 542 624 578; x_wconf 89' lang='lat' dir='ltr'><strong>in</strong></span> <span class='ocrx_word' id='word_1_52' title='bbox 652 541 978 594; x_wconf 82' lang='lat' dir='ltr'><strong>interpretatione</strong></span> <span class='ocrx_word' id='word_1_53' title='bbox 1005 542 1088 578; x_wconf 90' lang='lat' dir='ltr'><strong>eius</strong></span> <span class='ocrx_word' id='word_1_54' title='bbox 1107 542 1202 586; x_wconf 91' lang='lat' dir='ltr'><strong>loci,</strong></span> <span class='ocrx_word' id='word_1_55' title='bbox 1228 542 1307 579; x_wconf 88' lang='lat' dir='ltr'><strong>sive</strong></span> <span class='ocrx_word' id='word_1_56' title='bbox 1336 542 1366 578; x_wconf 90' lang='lat' dir='ltr'><strong>is</strong></span> <span class='ocrx_word' id='word_1_57' title='bbox 1389 543 1444 579; x_wconf 87' lang='lat' dir='ltr'><strong>sic</strong></span> <span class='ocrx_word' id='word_1_58' title='bbox 1471 545 1513 581; x_wconf 92' lang='lat' dir='ltr'><strong>in</strong></span> <span class='ocrx_word' id='word_1_59' title='bbox 1537 545 1619 596; x_wconf 89' lang='lat' dir='ltr'><strong>ipso</strong></span> 
     </span>
     <span class='ocr_line' id='line_1_8' title="bbox 201 612 1621 666; baseline 0.003 -18"><span class='ocrx_word' id='word_1_60' title='bbox 201 612 418 649; x_wconf 47' lang='lat' dir='ltr'><strong>Aristotelis</strong></span> <span class='ocrx_word' id='word_1_61' title='bbox 449 621 557 650; x_wconf 80' lang='lat' dir='ltr'><strong>textu</strong></span> <span class='ocrx_word' id='word_1_62' title='bbox 584 621 797 666; x_wconf 87' lang='lat' dir='ltr'><strong>repererat,</strong></span> <span class='ocrx_word' id='word_1_63' title='bbox 823 613 904 650; x_wconf 88' lang='lat' dir='ltr'><strong>sive</strong></span> <span class='ocrx_word' id='word_1_64' title='bbox 928 612 1092 650; x_wconf 84' lang='lat' dir='ltr'><strong>aliunde</strong></span> <span class='ocrx_word' id='word_1_65' title='bbox 1119 620 1332 664; x_wconf 85' lang='lat' dir='ltr'><strong>acceperat.</strong></span> <span class='ocrx_word' id='word_1_66' title='bbox 1384 612 1471 650; x_wconf 92' lang='lat' dir='ltr'><strong>Hoc</strong></span> <span class='ocrx_word' id='word_1_67' title='bbox 1504 615 1621 665; x_wconf 84' lang='lat' dir='ltr'><strong>quale</strong></span> 
     </span>
     <span class='ocr_line' id='line_1_9' title="bbox 199 682 1621 737; baseline 0.001 -16"><span class='ocrx_word' id='word_1_68' title='bbox 199 683 266 727; x_wconf 87' lang='lat' dir='ltr'><strong>sit,</strong></span> <span class='ocrx_word' id='word_1_69' title='bbox 301 683 444 721; x_wconf 84' lang='lat' dir='ltr'><strong>Placita</strong></span> <span class='ocrx_word' id='word_1_70' title='bbox 475 683 805 737; x_wconf 86' lang='lat' dir='ltr'><strong>philosophorum</strong></span> <span class='ocrx_word' id='word_1_71' title='bbox 834 683 1070 728; x_wconf 89' lang='lat' dir='ltr'><strong>ostendunt,</strong></span> <span class='ocrx_word' id='word_1_72' title='bbox 1109 696 1212 735; x_wconf 87' lang='lat' dir='ltr'><strong>quae</strong></span> <span class='ocrx_word' id='word_1_73' title='bbox 1241 682 1458 721; x_wconf 83' lang='lat' dir='ltr'><strong>secundum</strong></span> <span class='ocrx_word' id='word_1_74' title='bbox 1488 684 1621 723; x_wconf 89' lang='lat' dir='ltr'><strong>Philo-</strong></span> 
     </span>
     <span class='ocr_line' id='line_1_10' title="bbox 199 754 1618 806; baseline 0.001 -15"><span class='ocrx_word' id='word_1_75' title='bbox 199 754 307 791; x_wconf 88' lang='lat' dir='ltr'><strong>laum</strong></span> <span class='ocrx_word' id='word_1_76' title='bbox 337 763 482 792; x_wconf 83' lang='lat' dir='ltr'><strong>terram</strong></span> <span class='ocrx_word' id='word_1_77' title='bbox 509 755 603 791; x_wconf 80' lang='lat' dir='ltr'><strong>ferri</strong></span> <span class='ocrx_word' id='word_1_78' title='bbox 626 755 765 793; x_wconf 83' lang='lat' dir='ltr'><strong>dicunt</strong></span> <span class='ocrx_word' id='word_1_79' title='bbox 785 754 954 806; x_wconf 83' lang='lat' dir='ltr'><strong>obliquo</strong></span> <span class='ocrx_word' id='word_1_80' title='bbox 973 755 1071 792; x_wconf 86' lang='lat' dir='ltr'><strong>orbe</strong></span> <span class='ocrx_word' id='word_1_81' title='bbox 1093 758 1225 803; x_wconf 81' lang='grc' dir='ltr'>(κατὰ</span> <span class='ocrx_word' id='word_1_82' title='bbox 1245 759 1390 794; x_wconf 85' lang='grc' dir='ltr'><strong><em>κύκλου</em></strong></span> <span class='ocrx_word' id='word_1_83' title='bbox 1408 755 1553 805; x_wconf 76' lang='grc' dir='ltr'>λοξοῦ)</span> <span class='ocrx_word' id='word_1_84' title='bbox 1578 764 1618 793; x_wconf 86' lang='lat' dir='ltr'><strong>et</strong></span> 
     </span>
     <span class='ocr_line' id='line_1_11' title="bbox 196 825 1618 880; baseline 0.001 -16"><span class='ocrx_word' id='word_1_85' title='bbox 196 839 328 864; x_wconf 84' lang='lat' dir='ltr'><strong>versus</strong></span> <span class='ocrx_word' id='word_1_86' title='bbox 347 825 512 865; x_wconf 87' lang='lat' dir='ltr'><strong>eandem</strong></span> <span class='ocrx_word' id='word_1_87' title='bbox 538 836 706 878; x_wconf 86' lang='lat' dir='ltr'><strong>partem,</strong></span> <span class='ocrx_word' id='word_1_88' title='bbox 733 840 864 865; x_wconf 79' lang='lat' dir='ltr'><strong>versus</strong></span> <span class='ocrx_word' id='word_1_89' title='bbox 887 839 1008 878; x_wconf 86' lang='lat' dir='ltr'><strong>quam</strong></span> <span class='ocrx_word' id='word_1_90' title='bbox 1024 826 1148 863; x_wconf 87' lang='lat' dir='ltr'><strong>solem</strong></span> <span class='ocrx_word' id='word_1_91' title='bbox 1170 835 1210 863; x_wconf 90' lang='lat' dir='ltr'><strong>et</strong></span> <span class='ocrx_word' id='word_1_92' title='bbox 1231 826 1369 864; x_wconf 86' lang='lat' dir='ltr'><strong>lunam</strong></span> <span class='ocrx_word' id='word_1_93' title='bbox 1394 827 1618 880; x_wconf 77' lang='grc' dir='ltr'>(ὁμοιοτρό-</span> 
     </span>
     <span class='ocr_line' id='line_1_12' title="bbox 196 899 667 951; baseline 0 -16"><span class='ocrx_word' id='word_1_94' title='bbox 196 913 270 940; x_wconf 87' lang='grc' dir='ltr'><strong>πως</strong></span> <span class='ocrx_word' id='word_1_95' title='bbox 294 901 387 947; x_wconf 54' lang='lat' dir='ltr'><strong>mic?</strong></span> <span class='ocrx_word' id='word_1_96' title='bbox 414 902 479 935; x_wconf 83' lang='grc' dir='ltr'><strong>καὶ</strong></span> <span class='ocrx_word' id='word_1_97' title='bbox 496 899 667 951; x_wconf 77' lang='grc' dir='ltr'><strong>σελήνῃ).</strong></span> 
     </span>
    </p>

    <p class='ocr_par' dir='ltr' id='par_1_3' title="bbox 188 965 1616 1373">
     <span class='ocr_line' id='line_1_13' title="bbox 294 965 1616 1016; baseline 0.001 -14"><span class='ocrx_word' id='word_1_98' title='bbox 294 966 358 1003; x_wconf 90' lang='lat' dir='ltr'><strong>Sol</strong></span> <span class='ocrx_word' id='word_1_99' title='bbox 403 965 528 1003; x_wconf 81' lang='lat' dir='ltr'><strong>fertur</strong></span> <span class='ocrx_word' id='word_1_100' title='bbox 574 968 616 1002; x_wconf 90' lang='lat' dir='ltr'><strong>in</strong></span> <span class='ocrx_word' id='word_1_101' title='bbox 659 966 842 1016; x_wconf 87' lang='lat' dir='ltr'><strong>ecliptico</strong></span> <span class='ocrx_word' id='word_1_102' title='bbox 890 966 1059 1008; x_wconf 89' lang='lat' dir='ltr'><strong>circulo,</strong></span> <span class='ocrx_word' id='word_1_103' title='bbox 1124 980 1245 1016; x_wconf 87' lang='lat' dir='ltr'><strong>quem</strong></span> <span class='ocrx_word' id='word_1_104' title='bbox 1295 966 1460 1015; x_wconf 82' lang='lat' dir='ltr'><strong>oblique</strong></span> <span class='ocrx_word' id='word_1_105' title='bbox 1512 974 1616 1003; x_wconf 82' lang='lat' dir='ltr'><strong>secat</strong></span> 
     </span>
     <span class='ocr_line' id='line_1_14' title="bbox 191 1034 1616 1088; baseline -0.001 -14"><span class='ocrx_word' id='word_1_106' title='bbox 191 1034 425 1088; x_wconf 87' lang='lat' dir='ltr'><strong>aequidialis</strong></span> <span class='ocrx_word' id='word_1_107' title='bbox 458 1035 582 1079; x_wconf 86' lang='lat' dir='ltr'><strong>orbis,</strong></span> <span class='ocrx_word' id='word_1_108' title='bbox 620 1035 662 1072; x_wconf 90' lang='lat' dir='ltr'><strong>in</strong></span> <span class='ocrx_word' id='word_1_109' title='bbox 693 1048 774 1087; x_wconf 89' lang='lat' dir='ltr'><strong>quo</strong></span> <span class='ocrx_word' id='word_1_110' title='bbox 808 1043 913 1072; x_wconf 86' lang='lat' dir='ltr'><strong>terra</strong></span> <span class='ocrx_word' id='word_1_111' title='bbox 944 1043 1142 1073; x_wconf 86' lang='lat' dir='ltr'><strong>movetur:</strong></span> <span class='ocrx_word' id='word_1_112' title='bbox 1183 1036 1240 1072; x_wconf 90' lang='lat' dir='ltr'><strong>sol</strong></span> <span class='ocrx_word' id='word_1_113' title='bbox 1272 1044 1425 1079; x_wconf 87' lang='lat' dir='ltr'><strong>autem,</strong></span> <span class='ocrx_word' id='word_1_114' title='bbox 1452 1035 1549 1073; x_wconf 85' lang='lat' dir='ltr'><strong>luna</strong></span> <span class='ocrx_word' id='word_1_115' title='bbox 1576 1044 1616 1073; x_wconf 84' lang='lat' dir='ltr'><strong>et</strong></span> 
     </span>
     <span class='ocr_line' id='line_1_15' title="bbox 189 1106 1613 1161; baseline -0.001 -16"><span class='ocrx_word' id='word_1_116' title='bbox 189 1109 375 1161; x_wconf 85' lang='lat' dir='ltr'><strong>planetae</strong></span> <span class='ocrx_word' id='word_1_117' title='bbox 405 1108 592 1145; x_wconf 82' lang='lat' dir='ltr'><strong>feruntur</strong></span> <span class='ocrx_word' id='word_1_118' title='bbox 625 1108 674 1144; x_wconf 88' lang='lat' dir='ltr'><strong>ab</strong></span> <span class='ocrx_word' id='word_1_119' title='bbox 709 1106 916 1144; x_wconf 88' lang='lat' dir='ltr'><strong>occidente</strong></span> <span class='ocrx_word' id='word_1_120' title='bbox 948 1106 998 1143; x_wconf 87' lang='lat' dir='ltr'><strong>ad</strong></span> <span class='ocrx_word' id='word_1_121' title='bbox 1031 1106 1243 1144; x_wconf 83' lang='lat' dir='ltr'><strong>orientem:</strong></span> <span class='ocrx_word' id='word_1_122' title='bbox 1284 1106 1466 1144; x_wconf 84' lang='lat' dir='ltr'><strong>similiter</strong></span> <span class='ocrx_word' id='word_1_123' title='bbox 1492 1106 1613 1158; x_wconf 83' lang='lat' dir='ltr'><strong>igitur</strong></span> 
     </span>
     <span class='ocr_line' id='line_1_16' title="bbox 190 1178 1612 1221; baseline -0.001 -4"><span class='ocrx_word' id='word_1_124' title='bbox 190 1179 239 1217; x_wconf 88' lang='lat' dir='ltr'><strong>ab</strong></span> <span class='ocrx_word' id='word_1_125' title='bbox 267 1193 407 1217; x_wconf 85' lang='lat' dir='ltr'><strong>occasu</strong></span> <span class='ocrx_word' id='word_1_126' title='bbox 436 1179 486 1217; x_wconf 88' lang='lat' dir='ltr'><strong>ad</strong></span> <span class='ocrx_word' id='word_1_127' title='bbox 518 1188 650 1217; x_wconf 88' lang='lat' dir='ltr'><strong>ortum</strong></span> <span class='ocrx_word' id='word_1_128' title='bbox 686 1189 832 1217; x_wconf 84' lang='lat' dir='ltr'><strong>terram</strong></span> <span class='ocrx_word' id='word_1_129' title='bbox 863 1178 1013 1216; x_wconf 80' lang='lat' dir='ltr'><strong>moveri</strong></span> <span class='ocrx_word' id='word_1_130' title='bbox 1043 1178 1245 1216; x_wconf 88' lang='lat' dir='ltr'><strong>Philolaus</strong></span> <span class='ocrx_word' id='word_1_131' title='bbox 1273 1179 1486 1221; x_wconf 88' lang='lat' dir='ltr'><strong>statuebat,</strong></span> <span class='ocrx_word' id='word_1_132' title='bbox 1528 1192 1612 1216; x_wconf 90' lang='lat' dir='ltr'><strong>non</strong></span> 
     </span>
     <span class='ocr_line' id='line_1_17' title="bbox 191 1247 1613 1301; baseline 0 -15"><span class='ocrx_word' id='word_1_133' title='bbox 191 1258 323 1287; x_wconf 87' lang='lat' dir='ltr'><strong>tamen</strong></span> <span class='ocrx_word' id='word_1_134' title='bbox 351 1249 500 1287; x_wconf 82' lang='lat' dir='ltr'><strong>circum</strong></span> <span class='ocrx_word' id='word_1_135' title='bbox 525 1263 652 1292; x_wconf 82' lang='lat' dir='ltr'><strong>axem,</strong></span> <span class='ocrx_word' id='word_1_136' title='bbox 684 1249 750 1286; x_wconf 90' lang='lat' dir='ltr'><strong>sed</strong></span> <span class='ocrx_word' id='word_1_137' title='bbox 777 1250 928 1286; x_wconf 84' lang='lat' dir='ltr'><strong>circum</strong></span> <span class='ocrx_word' id='word_1_138' title='bbox 952 1247 1129 1286; x_wconf 86' lang='lat' dir='ltr'><strong>medium</strong></span> <span class='ocrx_word' id='word_1_139' title='bbox 1150 1249 1293 1287; x_wconf 87' lang='lat' dir='ltr'><strong>mundi</strong></span> <span class='ocrx_word' id='word_1_140' title='bbox 1315 1250 1461 1301; x_wconf 83' lang='lat' dir='ltr'><strong>ignem,</strong></span> <span class='ocrx_word' id='word_1_141' title='bbox 1490 1249 1613 1301; x_wconf 85' lang='lat' dir='ltr'><strong>idque</strong></span> 
     </span>
     <span class='ocr_line' id='line_1_18' title="bbox 188 1318 1516 1373; baseline -0.002 -15"><span class='ocrx_word' id='word_1_142' title='bbox 188 1322 307 1360; x_wconf 81' lang='lat' dir='ltr'><strong>unius</strong></span> <span class='ocrx_word' id='word_1_143' title='bbox 334 1321 461 1360; x_wconf 84' lang='lat' dir='ltr'><strong>noctis</strong></span> <span class='ocrx_word' id='word_1_144' title='bbox 488 1331 527 1359; x_wconf 90' lang='lat' dir='ltr'><strong>et</strong></span> <span class='ocrx_word' id='word_1_145' title='bbox 553 1321 633 1359; x_wconf 84' lang='lat' dir='ltr'><strong>diei</strong></span> <span class='ocrx_word' id='word_1_146' title='bbox 659 1321 794 1373; x_wconf 86' lang='lat' dir='ltr'><strong>spatio.</strong></span> <span class='ocrx_word' id='word_1_147' title='bbox 847 1321 945 1358; x_wconf 89' lang='lat' dir='ltr'><strong>Rem</strong></span> <span class='ocrx_word' id='word_1_148' title='bbox 972 1321 1015 1357; x_wconf 92' lang='lat' dir='ltr'><strong>in</strong></span> <span class='ocrx_word' id='word_1_149' title='bbox 1041 1320 1116 1358; x_wconf 91' lang='lat' dir='ltr'><strong>hac</strong></span> <span class='ocrx_word' id='word_1_150' title='bbox 1144 1320 1269 1371; x_wconf 81' lang='lat' dir='ltr'><strong>figura</strong></span> <span class='ocrx_word' id='word_1_151' title='bbox 1296 1318 1516 1357; x_wconf 85' lang='lat' dir='ltr'><strong>declarabo.</strong></span> 
     </span>
    </p>
   </div>
   <div class='ocr_carea' id='block_1_3' title="bbox 478 1460 1333 2082">
    <p class='ocr_par' dir='ltr' id='par_1_4' title="bbox 478 1460 1333 2082">
     <span class='ocr_line' id='line_1_19' title="bbox 478 1460 1333 2082; baseline 0 430"><span class='ocrx_word' id='word_1_152' title='bbox 478 1460 1333 2082; x_wconf 95' lang='lat' dir='ltr'><strong> </strong></span> 
     </span>
    </p>
   </div>
  </div>
 </body>
</html>
