1784 2512
1557 131 1604 161 XI

191 220 393 275 Simplicio
416 226 546 258 tamen
568 215 679 271 prior
701 215 803 256 ratio
826 216 946 269 magis
970 216 1133 264 arridet,
1167 218 1277 271 quod
1298 220 1460 260 aliunde
1481 235 1603 274 appa—

190 302 291 337 reat,
318 290 562 329 Aristotelem
588 302 668 327 non
698 289 892 341 ignorasse
916 287 1087 326 Platonis
1103 289 1294 341 placitum
1318 290 1368 328 de
1388 292 1600 330 stabilitate

190 373 337 401 terrae:
373 361 439 400 sed
462 361 584 406 locus,
612 360 721 398 unde
741 360 819 398 hoc
840 360 1058 412 colligitur,
1085 374 1167 398 non
1196 361 1245 399 de
1269 362 1365 399 orbe
1391 371 1599 408 terrarum,

187 434 254 472 sed
280 434 330 471 de
351 432 546 470 elemento
568 441 693 469 terrae
717 431 811 468 cubi
835 431 961 468 forma
987 431 1152 468 definito
1179 433 1460 484 intelligendus
1482 442 1546 470 est.
1563 433 1599 477 ’ἢ

288 503 428 554 Itaque
456 502 588 540 sanior
612 501 662 540 de
692 509 897 554 systemate
928 501 1069 539 mundi
1096 501 1274 540 doctrina
1291 515 1312 540 a
1337 502 1488 557 scriptis
1511 504 1601 556 qui-

185 575 276 610 dem
296 573 468 610 Platonis
487 574 607 625 plane
628 573 756 609 aliena
777 581 852 616 est,
888 587 1013 624 quum
1040 573 1149 625 apud
1173 587 1263 611 eum
1287 587 1420 625 neque
1447 576 1597 612 circum

182 644 326 689 solem,
376 657 509 696 neque
541 644 692 682 circum
722 657 836 682 axem
872 653 972 681 terra
999 653 1222 683 moveatur:
1260 654 1391 683 tamen
1425 655 1595 698 utraque

182 715 360 752 inventio
388 715 498 752 novis
523 714 767 766 temporibus
791 728 813 751 a
836 714 998 753 Nicolao
1022 715 1242 767 Copernico
1269 715 1390 760 faeta,
1416 716 1460 753 in
1484 716 1594 754 libris

179 786 362 838 plurimis
379 784 428 821 de
444 784 607 823 historia
621 786 882 823 astronomiae
896 795 934 823 et
945 787 1139 823 mathema
1146 786 1308 823 ticarum
1322 786 1592 824 doctrinarum

180 857 379 894 veteribus
404 866 496 893 ante
514 858 715 894 Platonem
737 857 938 895 tribuitur.
975 858 1049 895 Sed
1066 858 1143 895 hoc
1161 858 1275 894 nullo
1294 857 1412 895 modo
1432 858 1595 895 demon-

178 927 292 963 strari
323 935 459 977 potest.
475 926 530 976 *ἢ
582 927 730 964 Incerti
756 927 863 964 enim
895 929 1029 964 aetatis
1054 937 1111 964 est
1137 928 1185 971 is,
1224 928 1289 963 cui
1316 927 1420 962 inter
1447 929 1596 979 primos

216 1091 256 1132 ¹⁸²)
300 1090 442 1134 Simplic.
462 1091 494 1121 in
515 1091 651 1122 Aristot.
673 1089 712 1120 de
730 1089 810 1121 coel.
829 1090 900 1128 ΙΙΙ,
922 1089 979 1121 fol.
999 1089 1066 1121 161.
1085 1091 1121 1122 B.
1159 1090 1263 1121 ’Ἐστι
1281 1090 1316 1122 δὲ
1340 1089 1439 1127 ἄξιον
1457 1091 1591 1128 ἐπιστῆ-

303 1164 382 1192 σαι,
414 1150 471 1184 ὅτι
496 1153 554 1183 καὶ
579 1154 596 1183 ὁ
618 1152 860 1196 Ἀριστοτέλης
885 1152 955 1184 οἶδε
978 1152 1041 1185 τὸν
1069 1152 1242 1184 Πλάτωνα
1264 1153 1414 1196 νομίζειν
1440 1153 1502 1190 τὴν
1531 1158 1591 1196 γῆν

304 1216 499 1257 μενετικὴν,
524 1215 616 1258 εἴπερ
640 1214 699 1245 διὰ
723 1218 830 1245 τοῦτο
854 1215 957 1256 κύβον
974 1215 1083 1252 αὐτὴν
1100 1214 1211 1256 ἔλεγε,
1235 1215 1294 1245 διὰ
1315 1215 1356 1245 τὸ
1378 1215 1590 1245 ἐκτετάνξὲαι

300 1279 358 1307 καὶ
376 1278 498 1318 μένειν.
537 1275 617 1314 ὥςτε
639 1274 698 1307 ὅτε
723 1278 756 1307 ἐν
775 1274 824 1318 τῴ
842 1278 992 1321 προτέρῳ
1020 1277 1137 1318 βιβλίῳ
1166 1276 1343 1319 ἰλλομένην
1364 1277 1422 1306 καὶ
1443 1278 1592 1320 κινουμέ-

300 1350 359 1376 νην
382 1339 444 1376 τὴν
464 1343 525 1381 γῆν
550 1338 616 1369 ὑπὸ
644 1342 708 1370 τοῦ
734 1338 880 1382 Τιμαίου
906 1339 1071 1382 λέγεσθαι
1101 1339 1180 1384 ἔφη,
1210 1338 1290 1383 πρὸς
1320 1340 1400 1375 τοὺς
1424 1338 1511 1370 σι’-’τω
1541 1340 1590 1370 τὰ

300 1403 438 1445 ῥήματα
461 1407 524 1433 τοῦ
541 1402 690 1445 Τιμαίου
707 1406 872 1439 νοοῦντας
889 1403 1092 1440 ἀπήντησεν.
1118 1403 1169 1433 Cf.
1190 1404 1269 1433 Plat.
1284 1404 1368 1433 Tim.
1387 1416 1419 1446 p.
1432 1402 1483 1433 55.
1495 1404 1538 1434 D.
1550 1404 1587 1434 E.

215 1483 267 1525 **)
296 1485 396 1514 Error
414 1495 431 1513 a
449 1485 622 1515 Dlontiicla
644 1485 751 1524 (Hist.
769 1485 868 1516 math.
893 1487 931 1516 T.
947 1487 980 1531 I>
1002 1498 1035 1529 p.
1057 1486 1141 1526 118.)
1165 1485 1371 1528 potissimum
1391 1493 1590 1529 propagatus

298 1545 395 1575 fluxit
418 1557 459 1575 ex
482 1547 618 1576 Aristot.
645 1546 684 1577 de
704 1549 784 1578 coel.
805 1549 855 1585 H,
887 1546 933 1578 15.
960 1555 992 1576 et
1018 1548 1177 1577 similibus
1197 1547 1391 1589 quibusdam
1409 1547 1508 1577 locis:
1535 1547 1592 1576 sed

296 1608 393 1652 longe
422 1608 505 1639 alius
527 1619 637 1639 eorum
663 1620 773 1640 sensus
798 1617 867 1647 est,
891 1617 927 1640 ut
945 1608 1030 1640 infra
1051 1609 1236 1652 apparebit:
1262 1618 1461 1652 quapropter
1482 1617 1515 1640 et
1534 1609 1591 1639 alii

296 1669 335 1699 de
360 1681 395 1699 ea
421 1681 454 1699 re
480 1670 683 1701 dubitarunt.
730 1671 934 1713 Quamquam
953 1671 1176 1712 Copernicus‚
1200 1671 1284 1700 haud
1309 1672 1377 1700 sine
1402 1681 1515 1707 causa,
1539 1671 1590 1699 in—

295 1740 391 1764 venta
412 1744 468 1763 sua
495 1732 563 1776 ipse
586 1743 646 1776 pro
671 1732 893 1777 Pythagoricis
913 1732 1061 1776 vulgavit
1089 1733 1141 1773 (v,
1162 1732 1230 1764 eius
1252 1731 1423 1765 Revolutt.
1452 1732 1588 1764 coelest.

295 1795 397 1825 Praef.
424 1803 457 1825 et
488 1795 646 1824 Gassentli
676 1796 737 1824 vit.
761 1794 933 1835 Copernic.
959 1806 991 1836 p.
1012 1796 1121 1835 297.):
1158 1795 1245 1824 haud
1277 1795 1370 1824 aliter
1404 1806 1502 1836 quam
1536 1796 1586 1826 J0.

294 1857 454 1902 Keplerus
481 1869 569 1888 suam
593 1856 632 1887 de
659 1856 803 1900 quinque
821 1855 932 1888 solidis
948 1855 1126 1888 doctrinam
1142 1855 1181 1886 ad
1194 1857 1398 1900 planetarum
1414 1856 1587 1888 intervalla

295 1921 454 1962 adaptatis
484 1922 522 1951 ad
548 1922 783 1965 Pythagoricos
810 1931 979 1963 perperam
1000 1919 1123 1950 retulit.
1169 1919 1213 1948 Et
1232 1930 1345 1949 verum
1368 1928 1432 1956 est,
1464 1920 1587 1961 Ceper-

295 1984 403 2014 nicum
423 1995 541 2016 novam
566 1983 604 2015 de
628 1983 740 2014 mundi
760 1982 872 2014 ordine
889 1982 1048 2013 rationem
1067 1993 1108 2012 ex
1133 1990 1282 2014 veterum
1301 1981 1419 2011 notitia
1434 1980 1587 2018 duxisse,

291 2047 362 2088 ipso
387 2047 567 2078 affirmante
592 2051 627 2077 ἰιι
651 2046 789 2090 epistola
810 2045 850 2076 ad
872 2044 1024 2076 Paullum
1059 2046 1120 2077 ΙΙΙ.
1165 2044 1356 2076 Pontificem
1382 2044 1587 2075 Romanum:

1316 2105 1383 2154 (2)
