1784 2512
1572 157 1599 187 V

194 244 433 284 orbiculatas
462 248 590 280 motus
613 240 736 279 menti
759 233 973 279 convenire
999 240 1245 294 potissimum
1278 242 1449 288 videtur,
1489 244 1600 295 quod

193 317 328 355 eadem
354 326 508 365 semper
538 313 707 356 ratione,
748 312 790 349 in
822 311 962 350 eodem
992 321 1031 349 et
1065 312 1107 349 in
1138 326 1216 351 sese
1245 313 1327 365 ipso
1356 324 1532 352 versatur
1543 315 1598 361 *),

192 386 329 426 ceteris
344 383 421 422 loci
445 383 703 420 mutationem
725 382 1035 434 requirentibus,
1063 397 1183 435 quam
1200 384 1249 421 ab
1266 385 1438 423 universi
1455 394 1597 423 natura

192 457 360 494 alienam
407 467 484 491 esse
514 454 641 491 voluit
675 466 851 491 summus
888 454 1046 510 matrimi
1080 455 1208 505 operis
1242 454 1462 492 fabricator.
1519 456 1598 493 Ve-

187 540 277 565 rum
298 524 490 576 quoniam
517 537 659 576 corpus
681 524 810 577 ipsum
827 536 908 561 sese
927 537 1086 562 movere
1109 524 1264 576 nequit,
1292 523 1399 561 idem
1424 526 1596 564 animam

187 598 228 633 in
252 595 427 634 medium
452 596 662 646 imposuit,
702 608 869 645 eamque
899 608 972 647 per
1004 596 1234 633 universum
1256 595 1443 659 diffusam·
1470 609 1595 647 usque

187 666 237 704 ad
255 675 426 705 extrema
449 666 649 719 porrexit,
674 674 795 718 atque
816 666 934 705 etiam
954 667 1193 705 extrinsecus
1214 667 1417 706 mundano
1436 668 1595 720 corpoii

185 736 527 786 circumdedit**);
553 738 605 773 ita
624 745 670 774 ut
690 750 733 774 ea
758 738 959 790 primitiva
977 751 1090 776 causa
1111 747 1150 775 et
1171 738 1258 775 fons
1275 748 1369 776 esset
1386 739 1488 776 vitae
1510 752 1594 776 mo-

185 816 344 860 tusque,
371 808 421 844 ab
445 822 525 845 sese
558 809 638 861 ipsa
665 818 771 847 mota
796 823 927 861 neque
955 811 1037 848 ulla
1060 819 1221 848 externa
1248 810 1286 847 vi
1307 810 1492 861 impulsa,
1528 809 1595 847 sed

183 888 311 916 cetera
331 879 464 916 omnia
483 879 689 930 impellens
709 888 829 931 atque
850 881 1036 917 animans.
1047 879 1126 923 ***)
1152 880 1278 930 Igitur
1296 893 1342 916 ex
1359 879 1495 916 decem
1512 893 1593 916 mo-

184 959 245 987 tus
270 950 493 1000 generibus,
533 964 636 1000 quae
668 950 734 985 lib.
753 949 799 985 X.
831 951 881 986 de
914 951 1084 1000 Legibus
1114 949 1225 985 Plato
1249 948 1397 991 statuit,
1441 949 1596 1004 mundo

183 1027 375 1069 tanquam
398 1018 555 1069 corpori
584 1019 775 1055 tribuitur
793 1018 990 1070 primum,
1017 1018 1088 1054 ubi
1113 1030 1256 1070 corpus
1283 1017 1325 1053 in
1346 1017 1485 1058 eodem
1504 1018 1592 1055 loco

183 1090 235 1126 ita
260 1098 457 1133 movetur,
495 1098 541 1126 ut
567 1098 746 1127 centrum
775 1087 938 1140 quidem
967 1088 1132 1127 firmiter
1157 1098 1249 1134 stet,
1288 1089 1428 1127 circuli
1459 1098 1590 1128 autem

181 1159 423 1196 circumiecti
451 1159 622 1196 minores
648 1168 687 1196 et
712 1159 878 1196 maiores
900 1159 1120 1197 secundum
1145 1160 1446 1212 proportionem
1463 1160 1591 1198 feran-

184 1239 249 1267 tur
266 1231 317 1279 †):
352 1230 419 1267 sed
451 1239 639 1281 tanquam
672 1230 849 1267 animato
883 1231 1040 1281 corpori
1067 1231 1268 1266 decimum
1289 1231 1325 1265 ei
1348 1242 1471 1280 genus
1497 1243 1591 1267 con-

180 1301 303 1352 gruit,
331 1313 411 1350 quo
437 1313 516 1337 sese
541 1303 669 1351 ipsum
695 1307 852 1337 moveat
879 1308 918 1337 et
943 1299 1088 1337 omnia
1105 1300 1148 1335 in
1171 1312 1268 1343 sese,
1309 1299 1420 1337 nulla
1445 1300 1590 1336 extrin-

180 1383 289 1407 secus
322 1370 552 1422 impellente
587 1383 709 1407 causa.
771 1370 822 1406 Et
848 1369 903 1407 sic
936 1369 1068 1422 opifex
1101 1369 1297 1407 mundum
1336 1369 1455 1408 deum
1498 1369 1588 1407 bea-

180 1451 266 1478 tum
299 1441 434 1478 effecit.
503 1443 583 1478 Iam
612 1455 706 1478 vero
737 1450 782 1478 ut
812 1442 894 1493 ipsa
926 1440 1066 1479 mundi
1099 1441 1230 1477 anima
1268 1434 1510 1485 constructa,
1550 1449 1589 1477 et

179 1511 334 1547 musicis
353 1510 434 1547 sive
454 1510 691 1548 harmonicis
712 1511 929 1549 intervallis
951 1525 1024 1563 per
1044 1511 1273 1549 universum
1295 1524 1437 1563 corpus
1460 1510 1591 1563 dispo-

179 1582 248 1619 sita
274 1595 320 1619 ac
349 1582 469 1619 divisa
487 1582 552 1625 sit,
581 1582 791 1618 Platonicis
806 1596 852 1618 ac
870 1582 1138 1634 Pythagoricis
1161 1581 1382 1618 rationibus
1402 1582 1480 1618 alio
1500 1582 1587 1618 loco

179 1652 404 1703 complexus
429 1665 535 1695 sum,
573 1666 704 1703 neque
733 1665 793 1696 ea,
828 1665 930 1702 quae
959 1652 1015 1688 ibi
1044 1665 1165 1702 quam
1182 1660 1363 1703 poteram
1381 1651 1587 1688 accuratis-

223 1813 261 1854 *)
305 1815 358 1845 Cf.
384 1815 486 1859 Legg.
510 1816 561 1852 X,
583 1827 615 1858 p.
638 1813 711 1857 898.
736 1816 775 1845 A.

221 1885 271 1926 **)
304 1886 339 1915 P.
362 1885 474 1925 54'13.
504 1886 614 1928 Ψυχὴν
638 1886 673 1917 δὲ
698 1888 744 1923 εἰς
766 1885 809 1916 τὸ
834 1889 938 1928 μέσον
960 1886 1068 1916 αὐτοῦ
1090 1885 1163 1921 θεὶς
1180 1886 1239 1917 διὰ
1255 1886 1385 1923 παντὸς
1406 1897 1444 1917 τε
1470 1884 1588 1923 ἔτεινε,

305 1938 364 1970 καὶ
394 1938 447 1970 ἔτι
472 1939 531 1977 ’ἔξω
556 1940 597 1972 τὸ
625 1944 721 1983 σῶμα
748 1941 837 1983 αὐτῇ
859 1939 1113 1984 περιεκάλυψεν.

223 2001 296 2039 ***)
308 2003 411 2047 Legg.
435 2004 482 2041 X,
506 2016 539 2046 p.
563 2003 636 2046 894.
662 2004 699 2034 C.
734 2003 785 2035 Cf.
810 2002 944 2034 Phaedr.
967 2015 1000 2045 p.
1023 2000 1095 2041 245.
1120 2003 1157 2033 C.

221 2064 255 2105 †)
304 2064 407 2109 Legg.
430 2066 479 2105 X,
501 2079 533 2109 p.
556 2064 628 2107 893.
654 2065 681 2097 C
