1784 2512
1533 183 1612 214 XXI

198 269 294 309 inde
307 269 401 308 solis
419 266 620 318 lunaeque
640 253 823 304 ‘defectus
845 264 1048 304 Philolaus
1072 267 1270 320 explicare
1298 273 1444 322 potuit,
1480 287 1610 325 quau.

198 355 318 394 quam
348 340 390 377 in
428 337 672 390 temporibus
702 345 741 375 et
773 349 944 376 numero
975 337 1202 378 defectuum
1235 354 1283 378 ex
1316 341 1425 380 illius
1453 345 1608 386 ratione

195 425 346 451 errores
366 411 552 449 subnatos
576 422 655 448 esse
683 422 838 447 necesse
862 417 927 446 est.
979 410 1156 449 Primum
1188 412 1294 451 enim
1326 414 1382 450 sol
1405 413 1541 453 deficit
1565 418 1607 455 in

195 484 364 523 Philolai
388 491 609 535 systemate,
634 482 665 520 si
688 482 788 521 luna
809 481 916 519 inter
934 481 1057 519 solem
1077 496 1122 520 ac
1140 492 1285 522 terram
1303 485 1531 532 intercedit,
1561 497 1607 526 ut

192 556 235 594 in
257 570 295 599 r,
325 552 662 605 quemadmodum
684 560 724 590 et
743 551 1002 605 Empedocles
1020 554 1216 592 statuebat
1232 554 1281 605 *):
1314 556 1460 595 deinde
1486 559 1604 598 etiam

190 628 220 664 si
249 626 345 662 luna
371 625 434 663 vel
463 634 568 663 terra
594 624 699 662 inter
718 623 841 662 solem
870 633 910 662 et
940 626 1155 665 centralem
1179 627 1308 679 ignem
1335 638 1407 675 est,
1442 638 1488 668 ut
1514 631 1557 668 in
1578 645 1602 669 o

189 697 252 734 vel
278 697 331 744 123
356 695 466 748 quod
490 695 718 733 Philolaum
735 694 916 733 statuisse
932 695 1041 734 haud
1062 696 1184 735 dubie
1209 711 1289 737 non
1315 699 1601 753 ignoraremus,

188 769 263 806 nisi
284 782 345 813 ea,
384 781 486 820 quae
516 768 567 805 de
595 767 686 805 solis
716 766 934 806 defectibus
964 767 1137 815 dixerat,
1175 784 1264 808 casu
1292 771 1600 819 intercidissent,

188 854 430 892 quamquam
454 854 476 877 a
501 840 668 877 Stobaeo
692 839 736 876 in
761 849 945 892 excerpta
966 850 1077 878 erant
1097 841 1228 886 relata.
1245 841 1300 892 **)
1333 843 1486 881 Lunam
1506 858 1599 882 vero

185 926 267 951 non
289 926 311 950 a
334 911 499 950 centrali
521 910 690 955 lumine,
715 910 783 949 sed
798 925 820 948 a
837 911 920 950 sole
939 911 1126 950 illustrari
1140 921 1246 951 recte
1262 913 1510 967 Pythagorici
1524 925 1598 954 sta-

185 983 352 1020 tuebant
362 982 459 1027 ***):
486 983 621 1032 itaque
640 982 761 1017 lunae
781 981 976 1024 defectus,
993 983 1155 1018 testibus
1169 983 1374 1020 Aristotele
1397 984 1439 1020 in
1455 986 1599 1036 Pytha-

309 1126 432 1156 κλασιν
452 1121 651 1166 γιγνομένην
673 1121 719 1157 εἰς
741 1120 803 1151 τὸν
824 1117 920 1158 ἥλιον
941 1122 1232 1165 κρυσταλλοειδῆ,
1259 1121 1595 1169 ,συμπεριελκυμένην

311 1188 354 1227 τῇ
376 1183 505 1220 κινήσει
533 1184 599 1212 τοῦ
619 1183 770 1224 πυρίνου.
794 1181 834 1217 ὡς
857 1180 894 1211 δὲ
920 1180 1066 1224 βραχέως
1089 1182 1246 1226 εἰρῆσθαι
1269 1182 1505 1227 συντρμόντα,
1537 1186 1594 1219 ἀν-

306 1245 474 1287 ταύγειαν
498 1243 587 1274 εἶναι
608 1245 674 1273 τοῦ
693 1241 771 1286 περὶ
792 1241 855 1279 τὴν
877 1245 938 1284 γῆν
958 1241 1061 1287 πυρὸς
1083 1241 1145 1274 τὸν
1167 1239 1271 1280 ἥλιον.

222 1314 256 1354 *)
307 1315 368 1355 Ap.
398 1313 489 1342 Stob.
521 1311 602 1342 ibid.
646 1311 753 1340 Etiam
787 1309 907 1340 Thales
935 1318 969 1340 et
997 1311 1206 1342 Aristoteles.
1236 1323 1267 1343 v.
1299 1312 1379 1343 ibid.
1410 1321 1443 1345 et
1473 1313 1594 1357 placita

305 1370 441 1414 philoss.
465 1370 518 1407 ΙΙ,
541 1375 592 1408 24.

221 1440 275 1481 **)
306 1439 347 1470 V.
371 1438 463 1470 Stob.
484 1439 619 1483 Eclogg.
642 1439 754 1483 physs.
778 1440 812 1479 Ι,
834 1440 886 1473 26.
909 1453 942 1485 p.
966 1430 1038 1482 540.
1062 1442 1203 1472 Heeren.

222 1507 292 1549 ***)
314 1509 364 1539 Ita
388 1508 619 1551 pronunciavit
640 1516 753 1538 auctor
774 1508 915 1540 familiae
937 1509 1137 1552 Pythagoras
1165 1520 1215 1551 ap.
1235 1509 1327 1539 Stob.
1346 1509 1381 1546 I,
1398 1517 1448 1549 27.
1466 1520 1498 1551 p.
1513 1507 1586 1540 556.

309 1575 342 1598 et
357 1579 407 1611 ap.
424 1567 587 1599 Plutarch.
610 1576 643 1598 et
666 1568 780 1599 Galen.
803 1568 843 1599 de
867 1569 986 1611 quibus
1011 1582 1043 1601 v.
1057 1569 1245 1612 Intp.Stob.
1276 1569 1341 1600 Alii
1363 1577 1472 1600 tamen
1496 1568 1589 1599 dixe-

305 1636 384 1657 runt
405 1628 513 1657 lumen
534 1628 634 1657 lunae·
653 1638 671 1656 a
693 1627 827 1657 neutrali
847 1628 923 1669 igne
947 1635 1112 1670 acceptum
1135 1639 1225 1665 esse,
1247 1637 1285 1658 ut
1306 1635 1440 1671 apparet
1458 1639 1500 1657 ex
1516 1627 1588 1657 loco

301 1687 438 1717 Aristot.
459 1686 499 1717 de
521 1686 602 1718 coel.
623 1686 673 1724 11,
699 1684 748 1718 15.
773 1684 874 1723 ἐνίοις
896 1685 932 1717 δὲ
955 1685 1048 1717 δοκεῖ
1066 1686 1126 1717 καὶ
1146 1685 1251 1717 πλείω
1273 1686 1417 1727 σώματα
1438 1688 1589 1716 τοιαῦτα

304 1745 506 1787 ἐνδέχεσθαι
528 1744 698 1788 φέρεσθαι
726 1746 803 1787 περὶ
832 1745 875 1775 τὸ
898 1746 1020 1786 μέσον,
1057 1748 1135 1786 ἡμῖν
1157 1745 1193 1775 δὲ
1216 1744 1325 1780 ἄδηλα
1348 1744 1406 1775 διὰ
1430 1745 1492 1781 τὴν
1516 1746 1589 1775 ἐπι-

305 1805 495 1849 πρόσθησιν
525 1808 584 1840 τῆς
615 1808 683 1846 γῆς,
728 1803 781 1834 διὸ
800 1804 863 1834 καὶ
883 1804 948 1842 τὰς
970 1808 1030 1841 τῆς
1059 1803 1196 1848 σελήνης
1228 1805 1391 1843 ἐκλείψεις
1412 1803 1547 1840 πλείους
1569 1801 1589 1841 ἢ

304 1865 369 1903 τὰς
398 1868 461 1896 τοῦ
490 1864 586 1901 ἡλίου
608 1864 791 1906 γίγνεσθαί
814 1866 921 1909 φἀσι·
966 1870 1035 1896 τῶν
1056 1864 1121 1907 γὰρ
1144 1866 1335 1907 φερομένων
1359 1862 1508 1895 ἕκαστον
1532 1866 1586 1895 ἁν-

305 1923 515 1966 τιφράττειν
536 1922 663 1961 αὐτὴν,
700 1923 774 1954 ἀλλ’
806 1924 844 1953 οὗ
876 1926 979 1964 μόνον
1006 1923 1069 1959 τὴν
1099 1926 1168 1964 γῆν.
1213 1924 1261 1953 Ac
1284 1935 1359 1954 sane
1383 1923 1515 1954 difficile
1539 1932 1587 1953 est

303 1983 503 2027 intelligere,
542 1995 597 2015 cur
624 1983 701 2014 luna
723 1994 741 2013 a
764 1983 898 2013 centrali
926 1982 1047 2013 lumine
1077 1994 1145 2014 non
1174 1983 1376 2021 illustretur,
1414 1984 1476 2014 nisi
1500 1983 1585 2013 dicas

298 2045 394 2075 lunae
417 2053 563 2076 naturam
585 2056 652 2076 non
673 2043 771 2074 talem
795 2054 882 2080 esse,
919 2051 956 2073 ut
978 2043 1081 2075 lucem
1105 2054 1124 2074 a
1147 2044 1281 2074 centrali
1302 2044 1379 2085 igne
1403 2051 1584 2086 acceptam,

301 2104 396 2135 sicuti
418 2105 485 2144 sol,
518 2104 558 2136 ad
579 2116 639 2136 nos
661 2103 826 2133 remittere
850 2103 963 2145 possit.
