1784 2512
203 134 299 167 Xxn

197 223 336 278 gericis
356 221 467 260 libris
486 228 524 260 et
541 219 727 273 Philippo
746 217 924 272 Opuntio
945 218 988 257 in
1001 219 1284 258 commentario
1299 217 1349 276 de
1365 220 1454 259 solis
1472 218 1611 260 lunae-

196 308 275 346 que
304 294 477 336 defectu,
504 291 687 329 derivant
719 303 766 327 ex
791 289 1042 342 oppositione
1075 289 1195 327 modo
1232 299 1358 327 terrae
1390 291 1509 328 modo
1539 304 1608 328 an-

195 363 420 402 tichthonis.
437 360 472 411 *)
521 352 676 408 vQuodsi
702 369 803 397 terra
825 369 865 397 et
888 361 993 397 inter
1013 360 1230 397 centralem
1250 360 1381 411 ignem
1399 374 1443 398 ac
1466 362 1609 406 solem,

198 443 243 473 ut
262 435 295 470 F
310 435 414 470 inter
433 431 463 469 C
486 440 526 469 et
545 431 584 476 k,
611 439 651 469 et
672 431 777 469 inter
797 430 936 471 lunam
960 444 1007 469 ac
1020 430 1160 475 solem,
1188 439 1233 468 ut
1257 430 1362 468 inter
1385 432 1408 469 k
1433 440 1471 470 et
1495 430 1525 475 i,
1554 431 1608 469 ita

197 503 360 556 quidem
383 502 572 542 collocata
596 503 662 547 sit,
689 511 734 540 ut
756 502 940 540 centralis
960 501 1061 554 ignis
1081 501 1259 540 medium
1283 501 1389 539 inter
1411 503 1548 540 lunam
1564 515 1609 540 ac

195 583 341 612 terram
360 574 494 612 locum
520 582 670 618 teneat,
702 581 747 610 ut
765 572 795 609 C
818 572 922 611 inter
943 572 957 609 i
979 581 1020 610 et
1038 573 1089 617 F,
1116 582 1203 610 tum
1224 571 1322 610 haec
1346 561 1478 610 nostra
1507 582 1610 611 terra

194 645 227 681 F
244 645 317 682 soli
342 644 367 681 k
389 644 551 681 adversa
573 653 647 688 est,
675 652 714 682 et
735 644 866 681 lucem
890 645 934 681 in
957 656 997 681 se
1019 644 1242 681 coniectam
1265 657 1286 680 a
1313 643 1407 680 luna
1435 643 1447 679 i
1475 643 1610 682 defen-

194 715 272 760 dit,
300 728 497 767 causaque
524 715 754 753 defectionis
780 715 904 753 lunae
925 715 968 752 in
991 723 1093 753 terra
1107 714 1233 768 posita
1255 722 1329 762 est;
1345 723 1511 759 contra,
1539 715 1611 753 ubi

195 797 325 825 cetera
344 797 455 831 sunt,
489 797 535 824 ut
558 787 677 824 modo
699 787 796 830 dixi,
824 795 927 824 terra
948 795 1082 823 autem
1100 800 1183 823 non
1210 787 1252 823 in
1273 799 1316 823 ea
1340 795 1452 838 parte
1469 787 1612 838 posita,

193 858 264 895 ubi
290 865 346 896 est
372 857 421 901 F,
453 856 521 895 sed
545 857 586 894 in
617 857 777 895 adversa
800 856 848 901 E,
883 857 938 894 ita
967 864 1013 895 ut
1034 855 1170 894 'media
1195 857 1245 894 sit
1275 857 1380 895 inter
1408 857 1544 895 lunam
1573 865 1612 894 et

190 928 411 965 centralem
438 927 591 977 ignem,
633 936 720 963 tum
752 937 856 963 terra
879 933 1018 962 nostra‘
1036 927 1071 960 E
1097 940 1230 963 aversa
1256 941 1278 963 a
1298 917 1379 964 sole
1406 937 1479 972 est,
1512 928 1612 963 anti-

192 996 347 1035 chthon
368 1004 501 1034 autem
523 1009 563 1032 m
585 995 635 1032 ab
660 993 801 1032 eodem
824 994 1050 1031 collustrata
1077 994 1262 1047 impedit,
1288 996 1502 1047 quominus
1523 996 1614 1033 solis

194 1068 297 1106 radii
317 1068 455 1106 lunam
478 1068 491 1105 i
508 1067 726 1111 illustrent,
752 1073 793 1104 et
807 1063 1061 1110 antichthon‚
1089 1079 1173 1103 non
1196 1065 1312 1104 tellus
1331 1067 1495 1119 proprie
1510 1066 1613 1104 dicta

196 1138 334 1184 efficit,
361 1146 407 1177 ut
430 1138 526 1176 luna
547 1137 714 1175 deficiat.
1046 1134 1049 1136 ’

297 1209 500 1247 Philolaus
521 1210 662 1262 igitur,
688 1222 932 1262 quamquam
956 1223 978 1246 a
1003 1210 1156 1262 vulgari
1183 1219 1223 1248 et
1244 1219 1402 1262 recepta
1424 1210 1614 1262 opinione

196 1280 421 1333 longissime
436 1289 661 1325 recesserat,
688 1279 958 1333 Pythagoricis
981 1280 1213 1317 commentis
1232 1280 1403 1317 nimium
1421 1280 1615 1323 addictus,

196 1364 337 1388 verum
371 1350 513 1387 mundi
550 1350 752 1394 ordinem,
797 1350 848 1387 ad
885 1363 1006 1402 quem
1038 1359 1249 1388 accesserat
1280 1350 1476 1403 proxime,
1531 1362 1616 1387 non

198 1420 368 1464 invenit,
401 1420 470 1457 sed
491 1421 636 1466 solem,
671 1421 1012 1473 quemadmodum
1040 1422 1176 1465 ceteri,
1213 1435 1340 1459 unum
1363 1421 1616 1473 planetarum

200 1490 331 1534 duxit,
361 1503 487 1541 quum
505 1504 599 1528 eum
622 1491 756 1544 potius
777 1500 959 1531 centrum
979 1491 1099 1529 huius
1115 1491 1257 1529 mundi
1276 1490 1427 1529 habere
1445 1490 1617 1528 deberet.

200 1560 301 1598 Cave
324 1570 454 1599 tamen
481 1562 632 1606 credas,
658 1563 689 1600 si
712 1572 894 1600 veterum
913 1564 1103 1601 nonnulli
1120 1564 1244 1600 solem
1260 1562 1437 1600 medium
1459 1562 1615 1606 dicunt,

201 1643 266 1669 eos
296 1638 423 1669 terrae
459 1639 763 1683 ceterorumque
793 1631 1044 1684 planetarum
1075 1641 1227 1671 motum
1256 1631 1406 1670 circum
1433 1645 1525 1671 eum
1542 1641 1617 1671 sta-

246 1797 279 1839 *)
329 1801 368 1832 V.
393 1801 485 1833 Stob.
510 1802 591 1833 ibid.
615 1813 647 1846 p.
664 1799 737 1833 558.
763 1801 890 1833 Clarius
912 1801 998 1832 idem
1021 1801 1100 1833 dicit
1122 1803 1331 1840 Plutarchus,
1355 1813 1451 1845 quem
1473 1801 1614 1840 hahent,

333 1847 375 1891 de·
393 1862 493 1904 placc-
515 1864 651 1906 philost.
675 1864 729 1902 II,
753 1873 805 1905 29.
837 1874 905 1894 esse
927 1863 1023 1894 lunae
1051 1864 1213 1895 defectum
1242 1864 1454 1906 ἀνταύγειαν
1482 1862 1525 1893 τὸ
1555 1864 1615 1904 μὲν

332 1926 392 1960 τῆς
414 1926 489 1965 γῆς,
511 1924 553 1954 τὸ
577 1924 613 1955 δὲ
634 1929 692 1961 τῆς
715 1926 944 1971 ἀντίχθονος,
970 1926 1027 1957 ubi
1048 1937 1116 1958 vox
1139 1926 1332 1968 ἀνταύγεια
1354 1925 1450 1969 plane
1472 1933 1615 1956 nostram

334 1987 526 2018 sententiam
547 1988 710 2030 exprimit.
747 1990 801 2020 De
823 1987 1141 2036 Philippoqopuntio
1165 1988 1269 2020 fusius
1291 1990 1343 2033 egi
1364 1988 1405 2020 ad
1428 1988 1508 2019 Plat.
1525 1988 1612 2019 Min.

333 2053 366 2077 et
387 2046 492 2090 ἰαθεὶς·
515 2060 547 2091 Ρ·
570 2052 715 2093 74—76·
