1784 2512
213 105 271 137 XX

211 204 340 232 aversa
353 198 409 229 est
428 202 450 228 a
468 190 567 233 sole,
592 196 631 227 et
651 188 783 242 potius
799 187 1037 226 antichthon
1055 187 1129 225 soli
1145 186 1379 234 advertitur,
1398 196 1622 243 terramque

210 264 352 303 umbra
392 276 458 302 sua
488 263 677 299 obscurat.
736 262 866 311 Atque
900 259 996 297 inde
1028 258 1208 312 apparet,
1248 273 1331 297 non
1362 261 1510 305 solum,
1551 264 1621 313 qui

210 343 347 374 noctes
366 334 527 385 diesque
543 332 741 376 oriantur,
765 330 834 369 sed
853 330 988 375 etiam,
1016 343 1089 368 cur
1111 331 1259 370 terreni
1275 329 1455 369 homiues
1472 341 1623 371 centra-

212 407 291 444 lem
309 406 439 442 lucem
457 413 634 457 spectare
652 410 863 456 nequeant.
913 401 1014 439 Nam
1036 401 1116 439 sive
1136 401 1206 439 lux
1226 400 1268 438 in
1293 410 1396 440 terra
1419 403 1485 449 sit,
1511 413 1559 442 ut
1580 405 1622 443 in

211 477 263 521 G,
291 476 372 515 sive
394 490 491 524 nox,
524 486 574 514 ut
590 476 632 514 in
652 490 693 529 g,
718 474 971 527 splendorem
997 473 1181 511 centralis
1201 473 1301 525 ignis
1329 475 1396 512 abs
1428 484 1529 513 terra
1557 475 1623 514 de-

206 547 338 586 fendit
363 546 619 592 antichthon‚
660 546 716 585 ibi
745 545 789 583 in
812 545 867 591 H,
904 544 970 588 hic
994 544 1037 582 in
1059 544 1088 582 h
1106 544 1248 598 posita:
1275 543 1317 581 id
1340 546 1451 596 quod
1468 546 1625 599 Simpli-

209 619 292 658 cius
314 619 464 671 optime
487 618 605 664 vidit,
643 627 682 657 et
709 620 858 656 Auctor
887 616 1130 670 placitorum
1169 616 1229 655 his
1261 616 1389 654 verbis
1417 618 1622 670 exprimit:

207 692 400 734 Φιλόλαος
422 694 443 729 ὁ
461 692 728 745 Πυθαγόρειος
755 692 804 729 τὸ
823 693 892 740 μὲν
916 694 992 744 πῦρ
1010 692 1149 740 μέσον·
1181 693 1309 728 τοῦτο
1332 692 1403 744 γὰρ
1425 688 1526 728 εἶναι
1548 693 1624 729 τοῦ

206 765 359 806 παντὸς
385 765 541 802 ἑστίαν·
570 761 752 816 δευτέραν
779 761 821 802 δὲ
843 765 914 807 τὴν
938 764 1174 813 ἀντίχθονα·
1209 763 1346 816 τρίτην
1364 761 1408 800 δὲ
1433 760 1478 806 ἢν
1499 765 1625 799 οἰκοῦ-

207 849 277 882 μεν
295 838 364 882 γίῐν
388 834 427 878 ἐξ
444 835 624 876 ἐναντίας
648 835 823 883 κειμένην
842 849 886 872 τε
908 836 975 871 καὶ
1001 835 1305 888 περιφερομένην
1325 838 1377 886 τῇ
1392 834 1622 884 ἀντίχὲονι·

205 911 292 955 παρ’
320 902 343 940 ὃ
365 906 433 941 καὶ
456 906 505 951 μὴ
533 908 709 956 ὁρᾶσὲαι
731 908 810 943 ὑπὸ
831 909 908 943 τῶν
935 909 975 942 ἐν
1001 903 1093 954 τῇδε
1115 907 1207 947 τοὺς
1230 909 1270 943 ἐν
1292 908 1414 957 ἐκείνῃ
1426 902 1481 952 ²⁸³),
1508 903 1625 941 adeo-

205 984 286 1022 que
301 983 376 1008 nec
394 984 458 1015 ea,
485 984 588 1022 quae
605 972 710 1007 ultra
730 984 817 1008 eam
833 979 943 1014 sunt,
971 971 1076 1007 inter
1096 985 1199 1021 quae
1213 982 1269 1009 est
1286 972 1461 1010 centrale
1479 972 1627 1009 lumen.

204 1041 335 1079 Etiam
355 1041 457 1094 plus:
494 1041 736 1094 apertissime
762 1038 837 1078 hac
861 1040 1017 1078 ratione
1049 1041 1433 1094 intelligimuffiqui
1460 1042 1547 1088 fiat,
1582 1053 1628 1081 ut

203 1113 262 1150 sol
290 1125 313 1150 a
344 1111 510 1151 centrali
540 1112 631 1165 igne
662 1112 795 1151 lucem
815 1111 998 1164 accipiat.
1060 1112 1160 1150 Nam
1196 1126 1323 1165 quum
1363 1101 1491 1152 terrae
1520 1113 1627 1152 orbis

206 1183 395 1235 obliquus
410 1184 476 1230 sit,
502 1183 626 1222 medii
651 1184 812 1222 luminis
830 1184 964 1223 radius
987 1191 1094 1222 recta
1119 1184 1180 1222 via
1204 1185 1255 1222 ad
1274 1186 1397 1223 solem
1417 1186 1626 1239 pervenire

206 1264 335 1307 potest
353 1269 400 1293 ex
419 1256 449 1292 C
469 1256 511 1292 in
528 1257 576 1300 A,
602 1264 723 1306 atque
744 1256 799 1293 ita
823 1256 867 1293 in
884 1256 962 1294 hoc
979 1265 1187 1307 systemate
1205 1257 1355 1308 optime
1378 1258 1511 1294 omnia
1533 1272 1627 1294 con-

207 1325 382 1364 veniunt.
409 1325 655 1369 Antichthon
674 1326 774 1376 quin
796 1326 916 1365 etiam
929 1325 1067 1370 hahet,
1086 1339 1167 1377 quo
1183 1326 1453 1371 collustretur,
1475 1327 1626 1379 quippe

205 1409 309 1448 quae
331 1409 486 1449 semper
509 1410 642 1434 versus
668 1397 885 1435 neutralem
904 1397 1035 1450 iguem
1057 1405 1322 1435 convertatur.
1337 1394 1392 1447 *ἢ
1425 1397 1625 1435 Postremo

250 1573 289 1623 *ξ
334 1575 402 1612 ΙΙΙ,
430 1587 480 1606 11.

218 1650 226 1655 ‘
249 1645 306 1688 **)
338 1647 474 1677 Diserte
520 1646 585 1677 hoc
624 1646 761 1678 tradidit
806 1647 1021 1692 Empedocles
1063 1648 1102 1678 de
1142 1648 1245 1679 altero
1287 1647 1525 1691 hemisphaerio
1572 1657 1623 1690 ap.

332 1710 427 1742 stob.
457 1710 593 1754 Eclogg.
622 1711 735 1754 physs.
759 1712 796 1749 Ι,
819 1711 872 1743 26.
902 1723 934 1754 p.
957 1709 1031 1744 530.
1068 1712 1125 1754 qui
1156 1711 1247 1742 locus
1277 1710 1393 1754 dignus
1424 1718 1493 1746 est,
1530 1720 1624 1750 quem

335 1770 524 1803 adscribam.
562 1770 814 1813 Ἐμπεδοκλῆς,
843 1773 973 1814 inquit,
1008 1772 1070 1803 δύο
1091 1772 1227 1810 ἡλίους,
1262 1772 1325 1803 τὸν
1347 1771 1409 1814 μὲν
1431 1771 1624 1813 ἀρχέτυπον

336 1837 419 1875 πῦρ,
444 1829 483 1865 ὃν
506 1834 541 1866 ἐν
562 1838 612 1876 τῷ·
635 1833 737 1878 ἑτέρῳ
759 1835 971 1877 ἡμισφαιρίῳ
993 1838 1059 1866 τοῦ
1079 1835 1230 1877 κόσμου,
1252 1832 1464 1877 πεπληρωκὸς
1487 1832 1529 1863 τὸ
1551 1834 1625 1874 ἧμι-

340 1893 522 1936 σφαίριον,
546 1896 616 1926 αἰεὶ
637 1896 851 1939 καταντικρὺ
873 1900 917 1938 τῇ
940 1897 1133 1939 ἀνταυγείᾳ
1158 1897 1286 1927 ἑαυτοῦ
1308 1895 1537 1938 τεταγμένον·
1561 1894 1623 1926 τὸν

337 1955 374 1985 δὲ
397 1956 608 1999 φαινόμενον
624 1958 857 2002 ἀνταύγειαν,
881 1959 916 1990 ἐν
937 1962 987 2000 τῷ
1010 1958 1112 2001 ἑτέρῳ
1135 1956 1361 2002 ἡμισφαιρίῳ,
1384 1960 1433 1999 τῷ
1448 1956 1513 1986 τοῑῦ
1528 1956 1623 2000 ἀέρος

340 2019 405 2046 τοῦ
426 2018 649 2061 θερμομιγοῦς
671 2020 934 2064 πεπληρωμένῳ,
957 2020 1027 2051 ἀπὸ
1043 2021 1264 2065 κυκλοτεροῦς
1287 2025 1347 2057 τῆς
1368 2023 1430 2061 γῆς
1449 2022 1525 2049 κατ’
1542 2018 1624 2051 ἀνά-
