1784 2512
219 113 249 143 X

219 219 264 243 ex
285 202 426 240 diurna
440 199 638 239 rotatione
661 197 761 237 coeli
779 197 858 237 sive
880 196 986 237 illius
1004 196 1129 242 orbis,
1157 197 1227 250 qui
1243 203 1408 238 vocatur
1420 198 1623 249 Eiusdem:

214 272 394 311 noctium
417 271 651 321 dierumque
674 269 776 306 vices
798 268 961 307 existere
984 268 1185 306 dicuntur.
1196 268 1231 318 *)

314 342 421 379 Nihil
443 349 639 393 superest,
666 340 741 377 nisi
759 339 868 390 quod
887 340 1031 377 mirum
1055 338 1230 384 videtur,
1255 340 1522 386 Aristotelem,
1549 343 1619 394 qui
1660 367 1663 370 s

212 414 339 465 ipsum
370 412 575 448 Timaeum
601 418 845 462 excerpserat
883 418 921 447 et
957 408 1128 446 Platonis
1163 409 1368 460 quondam
1405 410 1620 464 discipulus

206 482 355 527 fuerat,
382 481 434 519 ita
452 479 532 518 labi
553 480 743 533 potuisse,
769 486 814 516 ut
838 478 1079 532 apertissime
1102 476 1338 516 declaratam
1361 479 1446 518 eius
1466 489 1618 519 senten.-

206 551 302 589 tfam
324 552 448 604 pla-ne
477 560 736 603 perverteret:
775 549 816 585 id
842 549 953 601 quod
986 549 1104 585 etiam
1131 548 1400 586 Alexandrum
1423 550 1617 601 Aphrodi—

202 623 384 669 siensem,
410 622 678 660 doctissimum
699 620 901 672 stagiritae
923 620 1198 672 interpretem,
1212 619 1353 657 merito
1373 618 1549 659 offendit.
1560 620 1617 665 *ἢ

201 692 276 729 Sed
295 701 432 730 contra
449 692 662 730 Alexandri
678 690 916 729 calumniam
934 690 1107 728 Platonis
1129 691 1432 729 inconstantiam
1450 704 1617 743 arguen-

201 763 248 799 tis
270 771 377 800 recte
403 772 561 801 coortus
588 772 644 801 est
664 763 903 815 Simplicius,
937 762 1186 799 Aristotelem
1211 762 1266 800 sic
1291 770 1545 814 purgaturus,
1570 771 1615 800 ut

197 834 266 871 'vel-
282 833 332 870 ad
356 834 559 885 vulgarem
581 834 949 886 interpretationem
968 833 1161 870 Platonici
1183 834 1227 870 in
1248 833 1409 871 Timaeo
1432 833 1510 871 loci
1533 847 1613 872 sese

197 903 375 940 retulisse
400 903 571 947 dicatur,
598 917 725 954 quum
750 908 954 952 ἰλλομένην
973 904 1053 940 sive
1076 907 1301 953 εὶλουμένην
1321 903 1371 940 de
1391 904 1612 941 orbiculato

194 982 308 1011 motu
330 974 498 1025 accepit,
534 973 595 1012 vel
626 973 795 1010 diversas
824 973 1033 1024 opiniones
1066 987 1148 1009 non
1178 982 1331 1010 tantum
1358 987 1515 1017 eorum,
1542 975 1613 1025 qui

193 1053 401 1082 moverent
427 1052 594 1090 terram,
626 1042 695 1081 sed
719 1051 757 1080 et
781 1042 972 1086 aliorum,
1000 1043 1070 1094 qui
1094 1050 1196 1079 stare
1222 1042 1420 1087 dicerent,
1447 1052 1613 1095 putetur

191 1115 360 1152 voluisse
384 1115 542 1152 afferre:
582 1122 622 1152 et
647 1113 760 1157 haec,
797 1126 917 1163 quam
941 1113 1082 1151 ultimo
1114 1113 1202 1150 loco
1228 1114 1361 1165 posui,
1397 1115 1607 1159 excusatio,

193 1193 283 1221 ante
316 1184 463 1220 lectum
492 1184 740 1236 Simplicium
768 1192 908 1235 sponte
941 1184 1040 1221 mihi
1071 1183 1225 1227 oblata,
1263 1197 1345 1234 quo
1383 1185 1502 1236 magis
1530 1185 1608 1223 loci

195 1263 374 1291 tenorem
400 1262 438 1290 et
467 1261 696 1290 contextum
727 1253 955 1296 considero,
996 1267 1043 1290 eo
1071 1254 1229 1290 videtur
1253 1255 1501 1306 probabilior
1522 1269 1609 1293 esse.

232 1449 266 1489 ²¹¹)
312 1461 344 1491 p.
365 1449 417 1490 39.
436 1449 474 1479 C.
506 1449 564 1486 νὺξ
593 1448 654 1491 μὲν
677 1448 736 1480 οὖν
757 1450 864 1493 ἡμέρα
896 1461 936 1480 τε
965 1450 1103 1493 γέγονεν
1129 1448 1237 1489 οὕτω,
1268 1451 1328 1481 καὶ
1351 1450 1409 1481 διὰ
1436 1455 1555 1482 ταῦτα
1585 1453 1603 1487 ἡ

314 1512 373 1545 τῆς
398 1514 477 1552 μιᾶς
506 1511 564 1541 καὶ
581 1511 841 1554 φρονιμωτάτης
865 1513 1051 1549 κυκλήσεως
1078 1514 1243 1557 περίοδος.

230 1591 286 1632 **)
317 1591 413 1622 Dicit
428 1592 481 1622 hic
504 1604 554 1634 ap.
569 1593 712 1635 Simplic.
730 1594 752 1623 l.
768 1594 790 1623 l.
813 1593 921 1624 Ἀλλὰ
934 1599 982 1635 τῷ
996 1595 1235 1638 Ἀριστοτέλει
1255 1592 1343 1626 οὕτω
1362 1595 1499 1638 λέγοντι
1517 1594 1604 1626 ἰ’λλε·

314 1653 418 1689 σὲαι,
442 1653 502 1682 οὐκ
530 1652 669 1695 εὔλογον
693 1654 898 1695 ἀντιλέγειν.
944 1657 984 1691 ὡς
1009 1657 1142 1693 ἀληθῶς
1164 1656 1228 1700 γὰρ
1249 1656 1328 1687 οὔτε
1349 1661 1407 1693 τῆς
1423 1657 1540 1694 λέξεως
1558 1656 1600 1686 τὸ

313 1713 560 1757 σημαινόμενον
589 1715 674 1752 εἰκὸς
706 1716 744 1754 ἤν
775 1716 911 1758 ἀγνοεῖν
940 1717 1066 1757 αὐτὸν,
1111 1717 1189 1750 οὔτε
1221 1719 1284 1752 τὸν
1318 1722 1383 1752 τοῦ
1413 1718 1600 1756 Πλάτωνος

315 1775 450 1806 σκοπόν.
483 1778 513 1807 εἰ
540 1778 574 1807 δὲ
600 1779 756 1818 ἀλλαχοῦ
775 1780 791 1807 ὁ
817 1779 967 1809 Πλάτων
992 1779 1100 1817 ἄλλως
1124 1782 1234 1823 λέγει,
1264 1783 1361 1812 οὐδὲν
1384 1773 1492 1811 werd
1514 1788 1597 1821 φησι

271 1870 275 1874 .
316 1837 395 1879 πρὸς
412 1838 472 1869 τὸν
493 1839 603 1882 λόγον.
636 1842 653 1872 ὁ
673 1840 737 1884 γὰρ
760 1840 1000 1884 Ἀριστοτέλης
1023 1841 1064 1873 τὸ
1090 1843 1124 1875 ἐν
1151 1846 1201 1886 τῷ
1219 1844 1353 1887 Τιμαίῳ
1373 1835 1595 1886 προτῗίὲιῑσιν,

317 1897 386 1928 εἴτε
413 1900 470 1928 καὶ
495 1901 716 1943 ἀρεσκόμενος
743 1905 837 1944 αὐτῷ
866 1901 954 1933 οὕτω
980 1903 1071 1945 λέγει
1092 1905 1260 1945 Πλάτων,
1295 1908 1364 1938 εἴτε
1387 1906 1446 1937 καὶ
1468 1908 1508 1942 ὡς
1533 1918 1594 1936 τοῖ’

262 1998 265 2002 ¹
315 1959 458 2002 Τιμαίου
482 1960 584 2001 δόξαν
610 1963 789 2009 διέρχεται.
