1784 2512
190 153 235 186 VI

186 244 280 281 sime
307 241 498 294 explicui,
526 241 615 279 volo
631 250 739 278 nunc
759 235 947 291 repetere.
958 238 993 290 ²⁸)
1019 237 1130 289 Quae
1148 239 1310 292 quidem
1324 240 1477 279 animae
1494 250 1588 279 cons

186 312 368 351 formatio
407 311 544 356 efficit,
590 319 635 348 ut
678 309 832 348 duobus
873 309 975 363 gyris
1011 311 1166 348 coelum
1204 310 1422 355 moveatur,
1462 311 1585 349 altero

187 383 393 427 exteriore,
421 382 491 433 qui
506 395 660 433 semper
678 380 781 436 idem
794 409 804 425 ,
832 381 874 418 in
897 380 1036 418 eodem
1056 381 1181 432 spatio
1202 381 1418 433 eademque
1434 382 1587 419 ratione

186 453 477 495 circumfertur,
498 452 621 503 idque
644 461 750 489 recto
768 465 887 489 cursu
906 464 1038 488 versus
1053 450 1270 488 dexteram:
1298 450 1464 488 diurnus
1482 451 1587 488 enim

182 530 311 560 motus
335 521 598 575 significatur:
620 522 742 560 altero
766 517 983 566 interiore,
1001 533 1047 559 ex
1068 529 1216 574 septem
1231 520 1389 558 circulis
1407 520 1587 565 conflato,

181 602 226 642 etv
238 606 368 631 versus
385 593 581 629 sinistram
599 601 809 629 transverse
829 592 1085 637 circumacto,
1105 605 1187 643 quo
1202 591 1461 629 continentur
1476 592 1589 629 orbes

179 663 283 708 solis,
316 663 434 700 lunae
468 676 512 701 ac
543 664 792 716 planetarum
816 661 862 699 ‘in
887 662 1061 701 Zodiaco
1092 670 1301 701 motorum.
1352 661 1403 698 Et
1427 661 1588 701 zodiaci

178 733 303 772 sidera
331 733 390 772 his
417 735 634 773 intervallis
655 735 803 772 distant
828 735 895 772 abs
922 743 1025 773 terra
1036 734 1111 786 *ἧς

639 818 666 853 )
716 817 750 852 Θ
798 818 819 852 2
862 818 889 853 ἕ
941 820 971 853 3⁸
1014 821 1044 852 ²4
1098 822 1121 852 Ι)

637 891 650 911 1
708 891 728 912 2
786 879 806 913 3
859 880 884 923 4
935 878 959 913 8
1011 889 1036 925 9
1087 889 1134 924 27

171 944 301 995 Supra
334 943 467 981 omnia
499 944 758 997 autem‘haec
787 952 843 981 est
879 945 1034 981 coelum
1067 945 1270 981 stellarum
1306 946 1475 982 fixarum
1508 945 1588 982 sive

177 1014 348 1066 aplanes.
400 1015 484 1053 Hae
514 1022 644 1052 tamen
672 1013 921 1058 harmoniae,
958 1028 1085 1065 quum
1112 1028 1196 1052 non
1220 1014 1462 1067 experientia
1486 1014 1588 1052 duce

175 1084 377 1128 inventae,
410 1084 478 1121 sed
503 1098 551 1121 ex
571 1085 779 1136 opinione,
802 1097 929 1135 quam
947 1098 969 1121 a
990 1097 1082 1122 vera
1109 1084 1272 1121 scientia
1292 1085 1402 1121 Plato
1427 1098 1585 1136 prorsus

175 1154 345 1191 alienam
364 1154 528 1198 iudicat,
544 1163 671 1192 essent
685 1154 844 1201 ductae,
860 1154 909 1192 ab
924 1154 1011 1193 aliis
1025 1154 1140 1193 aliter
1157 1155 1373 1209 institutae,
1391 1164 1588 1207 postremo

177 1238 198 1260 a
211 1223 446 1267 Ptolemaeo,
465 1225 508 1260 in
519 1226 739 1274 aspectibus
750 1226 882 1276 potius
890 1226 1147 1276 sphaerarum
1158 1227 1347 1264 musicam
1363 1235 1587 1277 quaerente,

177 1301 216 1330 et
235 1292 521 1331 recentioribus
542 1293 786 1345 temporib-us
811 1293 861 1330 ab
884 1295 937 1331 Io.
957 1293 1129 1346 Keplero
1153 1295 1312 1331 relictae
1336 1294 1527 1337 sunt.***)

276 1365 325 1400 ln
342 1364 470 1401 media
490 1364 652 1401 illorum
666 1364 878 1415 globorum
896 1365 1173 1408 universitate,
1194 1365 1312 1402 etiam
1332 1365 1439 1417 apud
1459 1366 1588 1402 Plato-

176 1447 291 1478 nem,
328 1417 374 1471 ut
404 1433 513 1486 apud
541 1433 735 1485 plurimos
760 1442 939 1472 veterum
958 1434 1010 1484 †)‚
1038 1442 1168 1472 nostra
1196 1433 1366 1486 genitrix
1387 1442 1425 1471 et
1451 1434 1588 1472 nutrix

220 1576 255 1617 ³⁸)
300 1578 340 1608 V.
366 1582 670 1610 commentationem
692 1588 837 1611 nostram
860 1580 898 1610 de
922 1581 1047 1610 animae
1067 1580 1250 1610 mundanae
1274 1578 1530 1609 conformatione
1552 1579 1587 1608 in

306 1632 440 1663 Timaeo
453 1632 597 1664 Platonis
607 1653 617 1671 ,
641 1633 674 1662 in
687 1632 811 1665 Daubii
823 1640 856 1663 et
868 1632 1023 1664 Creuzeri
1035 1633 1159 1663 Studiis
1176 1633 1215 1661 Τ.
1230 1633 1289 1663 ΙΙΙ.
1308 1633 1342 1662 P.
1357 1634 1391 1668 I,
1414 1644 1446 1676 p.
1462 1643 1474 1661 1
1485 1633 1586 1672 -96.

221 1699 270 1739 **)
302 1701 338 1729 P.
363 1700 414 1732 56.
437 1702 473 1730 B.
517 1701 604 1731 Idem
628 1701 807 1741 symbolice
836 1701 1016 1731 declaratur
1045 1702 1127 1743 Περ.
1152 1702 1201 1738 X,
1223 1714 1255 1743 p.
1279 1700 1352 1732 616.
1377 1701 1403 1730 B
1427 1711 1498 1740 sqq.
1529 1698 1585 1729 ubi

304 1764 471 1797 praeterea
495 1757 681 1787 universum
697 1755 821 1786 coelum
845 1757 931 1799 cingi
950 1755 1068 1786 dicitur
1083 1754 1207 1785 lumine
1225 1754 1365 1797 quodam
1380 1752 1459 1783 Iridi
1475 1752 1583 1791 simili,

308 1820 389 1848 quo,
411 1812 446 1839 ni
468 1810 581 1848 fallor,
605 1811 803 1852 significatur
825 1811 980 1853 galaxias.

222 1872 298 1914 ³¹**)
347 1873 387 1905 V.
411 1886 470 1905 nos
492 1877 514 1907 l.
537 1878 558 1907 l.
582 1890 614 1920 p.
639 1876 690 1920 95.
715 1876 788 1909 add.
811 1877 942 1921 Kepler.
967 1877 1005 1907 de
1027 1878 1195 1909 harmonia
1219 1876 1331 1907 mundi
1353 1876 1394 1915 V,
1415 1876 1445 1908 8.

226 1945 261 1983 †)
310 1945 445 1974 Aristot.
478 1945 516 1974 de
547 1946 636 1976 coelo
666 1949 716 1984 11,
743 1947 790 1978 ιδ.
836 1949 925 1978 Haec
953 1948 1097 1978 Platonis
1126 1956 1231 1977 aetate
1255 1948 1383 1977 videtur
1412 1949 1446 1976 in
1468 1949 1581 1992 vulgus

310 2006 437 2040 recepta
458 2000 568 2041 opinio
592 1999 711 2037 fuisse,
746 2001 897 2043 quocirca
929 2001 1096 2031 invenitur
1125 2002 1221 2033 etiam
1251 2002 1285 2032 in
1307 2002 1453 2034 Axiocho
1479 2014 1506 2033 c.
1531 2012 1580 2035 12.

309 2063 341 2094 p.
356 2058 427 2082 221.
452 2061 580 2083 nostrae
604 2053 678 2084 edit.
