<?xml version="1.0" encoding="UTF-8"?>
<!DOCTYPE html PUBLIC "-//W3C//DTD XHTML 1.0 Transitional//EN"
    "http://www.w3.org/TR/xhtml1/DTD/xhtml1-transitional.dtd">
<html xmlns="http://www.w3.org/1999/xhtml" xml:lang="en" lang="en">
 <head>
  <title>
</title>
<meta http-equiv="Content-Type" content="text/html;charset=utf-8" />
  <meta name='ocr-system' content='tesseract 3.04.00' />
  <meta name='ocr-capabilities' content='ocr_page ocr_carea ocr_par ocr_line ocrx_word'/>
</head>
<body>
  <div class='ocr_page' id='page_1' title='image "4627576_0036.png"; bbox 0 0 1784 2512; ppageno 0'>
   <div class='ocr_carea' id='block_1_1' title="bbox 201 134 346 171">
    <p class='ocr_par' dir='ltr' id='par_1_1' title="bbox 201 134 346 171">
     <span class='ocr_line' id='line_1_1' title="bbox 201 134 346 171; baseline -0.034 0"><span class='ocrx_word' id='word_1_1' title='bbox 201 134 346 171; x_wconf 85' lang='lat' dir='ltr'>XXVIII</span> 
     </span>
    </p>
   </div>
   <div class='ocr_carea' id='block_1_2' title="bbox 197 215 1632 1699">
    <p class='ocr_par' dir='ltr' id='par_1_2' title="bbox 197 215 1632 1699">
     <span class='ocr_line' id='line_1_2' title="bbox 200 215 1619 282; baseline -0.004 -17"><span class='ocrx_word' id='word_1_2' title='bbox 200 237 413 282; x_wconf 86' lang='lat' dir='ltr'><strong>postquam</strong></span> <span class='ocrx_word' id='word_1_3' title='bbox 444 223 780 263; x_wconf 86' lang='lat' dir='ltr'><strong>immortalitatem</strong></span> <span class='ocrx_word' id='word_1_4' title='bbox 812 222 968 259; x_wconf 84' lang='lat' dir='ltr'><strong>animae</strong></span> <span class='ocrx_word' id='word_1_5' title='bbox 999 220 1243 275; x_wconf 79' lang='lat' dir='ltr'><strong>explicuerat</strong></span> <span class='ocrx_word' id='word_1_6' title='bbox 1269 220 1402 257; x_wconf 90' lang='lat' dir='ltr'><strong>omnia</strong></span> <span class='ocrx_word' id='word_1_7' title='bbox 1428 215 1619 259; x_wconf 81' lang='lat' dir='ltr'><strong>moventis</strong></span> 
     </span>
     <span class='ocr_line' id='line_1_3' title="bbox 201 293 1621 351; baseline -0.006 -13"><span class='ocrx_word' id='word_1_8' title='bbox 201 313 275 338; x_wconf 89' lang='lat' dir='ltr'><strong>nec</strong></span> <span class='ocrx_word' id='word_1_9' title='bbox 293 313 314 336; x_wconf 90' lang='lat' dir='ltr'><strong>a</strong></span> <span class='ocrx_word' id='word_1_10' title='bbox 330 311 534 351; x_wconf 88' lang='lat' dir='ltr'><strong>quoquam</strong></span> <span class='ocrx_word' id='word_1_11' title='bbox 548 306 695 340; x_wconf 88' lang='lat' dir='ltr'><strong>motae,</strong></span> <span class='ocrx_word' id='word_1_12' title='bbox 722 295 816 332; x_wconf 87' lang='lat' dir='ltr'><strong>facit</strong></span> <span class='ocrx_word' id='word_1_13' title='bbox 828 307 915 332; x_wconf 83' lang='lat' dir='ltr'><strong>eam</strong></span> <span class='ocrx_word' id='word_1_14' title='bbox 934 308 1005 347; x_wconf 89' lang='lat' dir='ltr'><strong>per</strong></span> <span class='ocrx_word' id='word_1_15' title='bbox 1019 295 1249 331; x_wconf 86' lang='lat' dir='ltr'><strong>universum</strong></span> <span class='ocrx_word' id='word_1_16' title='bbox 1270 293 1427 331; x_wconf 90' lang='lat' dir='ltr'><strong>coelum</strong></span> <span class='ocrx_word' id='word_1_17' title='bbox 1445 293 1621 330; x_wconf 86' lang='lat' dir='ltr'><strong>ambien-</strong></span> 
     </span>
     <span class='ocr_line' id='line_1_4' title="bbox 201 363 1621 415; baseline -0.006 -7"><span class='ocrx_word' id='word_1_18' title='bbox 201 379 300 415; x_wconf 84' lang='lat' dir='ltr'><strong>tem,</strong></span> <span class='ocrx_word' id='word_1_19' title='bbox 339 369 575 407; x_wconf 80' lang='lat' dir='ltr'><strong>ducentibus</strong></span> <span class='ocrx_word' id='word_1_20' title='bbox 600 368 824 405; x_wconf 88' lang='lat' dir='ltr'><strong>animarum</strong></span> <span class='ocrx_word' id='word_1_21' title='bbox 854 375 988 404; x_wconf 88' lang='lat' dir='ltr'><strong>coetus</strong></span> <span class='ocrx_word' id='word_1_22' title='bbox 1019 364 1231 402; x_wconf 88' lang='lat' dir='ltr'><strong>duodecim</strong></span> <span class='ocrx_word' id='word_1_23' title='bbox 1253 364 1403 415; x_wconf 80' lang='lat' dir='ltr'><strong>magnis</strong></span> <span class='ocrx_word' id='word_1_24' title='bbox 1424 363 1514 407; x_wconf 90' lang='lat' dir='ltr'><strong>diis,</strong></span> <span class='ocrx_word' id='word_1_25' title='bbox 1541 365 1621 402; x_wconf 88' lang='lat' dir='ltr'><strong>sola</strong></span> 
     </span>
     <span class='ocr_line' id='line_1_5' title="bbox 200 433 1624 485; baseline -0.005 -8"><span class='ocrx_word' id='word_1_26' title='bbox 200 442 321 485; x_wconf 71' lang='lat' dir='ltr'><strong>Vesta</strong></span> <span class='ocrx_word' id='word_1_27' title='bbox 343 439 385 476; x_wconf 93' lang='lat' dir='ltr'><strong>in</strong></span> <span class='ocrx_word' id='word_1_28' title='bbox 407 439 575 476; x_wconf 89' lang='lat' dir='ltr'><strong>deorum</strong></span> <span class='ocrx_word' id='word_1_29' title='bbox 599 436 801 476; x_wconf 90' lang='lat' dir='ltr'><strong>domicilio</strong></span> <span class='ocrx_word' id='word_1_30' title='bbox 824 444 1074 482; x_wconf 78' lang='lat' dir='ltr'><strong>remanente3</strong></span> <span class='ocrx_word' id='word_1_31' title='bbox 1100 434 1307 485; x_wconf 84' lang='lat' dir='ltr'><strong>multaque</strong></span> <span class='ocrx_word' id='word_1_32' title='bbox 1330 434 1384 470; x_wconf 89' lang='lat' dir='ltr'><strong>ibi</strong></span> <span class='ocrx_word' id='word_1_33' title='bbox 1405 433 1624 471; x_wconf 85' lang='lat' dir='ltr'><strong>beatissima</strong></span> 
     </span>
     <span class='ocr_line' id='line_1_6' title="bbox 200 505 1625 563; baseline -0.004 -15"><span class='ocrx_word' id='word_1_34' title='bbox 200 511 421 563; x_wconf 85' lang='lat' dir='ltr'><strong>spectacula</strong></span> <span class='ocrx_word' id='word_1_35' title='bbox 455 511 560 547; x_wconf 88' lang='lat' dir='ltr'><strong>intra</strong></span> <span class='ocrx_word' id='word_1_36' title='bbox 596 510 752 548; x_wconf 89' lang='lat' dir='ltr'><strong>coelum</strong></span> <span class='ocrx_word' id='word_1_37' title='bbox 780 508 1047 560; x_wconf 87' lang='lat' dir='ltr'><strong>conspiciunt,</strong></span> <span class='ocrx_word' id='word_1_38' title='bbox 1087 506 1184 544; x_wconf 90' lang='lat' dir='ltr'><strong>dum</strong></span> <span class='ocrx_word' id='word_1_39' title='bbox 1212 505 1371 542; x_wconf 85' lang='lat' dir='ltr'><strong>diversis</strong></span> <span class='ocrx_word' id='word_1_40' title='bbox 1404 505 1625 543; x_wconf 77' lang='lat' dir='ltr'><strong>tramitibus</strong></span> 
     </span>
     <span class='ocr_line' id='line_1_7' title="bbox 199 575 1626 633; baseline -0.003 -15"><span class='ocrx_word' id='word_1_41' title='bbox 199 589 413 633; x_wconf 82' lang='lat' dir='ltr'>vagantur:</span> <span class='ocrx_word' id='word_1_42' title='bbox 436 580 492 618; x_wconf 85' lang='lat' dir='ltr'><strong>dii</strong></span> <span class='ocrx_word' id='word_1_43' title='bbox 513 594 626 625; x_wconf 76' lang='lat' dir='ltr'><strong>vero,</strong></span> <span class='ocrx_word' id='word_1_44' title='bbox 651 579 812 632; x_wconf 88' lang='lat' dir='ltr'><strong>quando</strong></span> <span class='ocrx_word' id='word_1_45' title='bbox 831 579 882 617; x_wconf 89' lang='lat' dir='ltr'><strong>ad</strong></span> <span class='ocrx_word' id='word_1_46' title='bbox 897 578 1125 617; x_wconf 87' lang='lat' dir='ltr'><strong>convivium</strong></span> <span class='ocrx_word' id='word_1_47' title='bbox 1140 585 1328 629; x_wconf 78' lang='lat' dir='ltr'><strong>pergunt,</strong></span> <span class='ocrx_word' id='word_1_48' title='bbox 1357 584 1439 613; x_wconf 88' lang='lat' dir='ltr'><strong>tum</strong></span> <span class='ocrx_word' id='word_1_49' title='bbox 1462 575 1626 627; x_wconf 85' lang='lat' dir='ltr'><strong>quidem</strong></span> 
     </span>
     <span class='ocr_line' id='line_1_8' title="bbox 198 649 1624 702; baseline -0.003 -12"><span class='ocrx_word' id='word_1_50' title='bbox 198 652 339 690; x_wconf 88' lang='lat' dir='ltr'><strong>acclivi</strong></span> <span class='ocrx_word' id='word_1_51' title='bbox 366 651 428 690; x_wconf 90' lang='lat' dir='ltr'><strong>via</strong></span> <span class='ocrx_word' id='word_1_52' title='bbox 459 652 680 690; x_wconf 85' lang='lat' dir='ltr'><strong>ascendunt</strong></span> <span class='ocrx_word' id='word_1_53' title='bbox 710 653 751 689; x_wconf 92' lang='lat' dir='ltr'><strong>in</strong></span> <span class='ocrx_word' id='word_1_54' title='bbox 784 666 985 689; x_wconf 90' lang='lat' dir='ltr'><strong>summum</strong></span> <span class='ocrx_word' id='word_1_55' title='bbox 1016 650 1089 688; x_wconf 91' lang='lat' dir='ltr'><strong>sub</strong></span> <span class='ocrx_word' id='word_1_56' title='bbox 1119 650 1230 687; x_wconf 91' lang='lat' dir='ltr'><strong>coelo</strong></span> <span class='ocrx_word' id='word_1_57' title='bbox 1257 649 1450 686; x_wconf 83' lang='lat' dir='ltr'><strong>fornicem</strong></span> <span class='ocrx_word' id='word_1_58' title='bbox 1477 649 1624 702; x_wconf 74' lang='grc' dir='ltr'><strong>(ἄκραν</strong></span> 
     </span>
     <span class='ocr_line' id='line_1_9' title="bbox 202 719 1626 778; baseline -0.005 -16"><span class='ocrx_word' id='word_1_59' title='bbox 202 726 265 762; x_wconf 83' lang='grc' dir='ltr'><strong>ἐπὶ</strong></span> <span class='ocrx_word' id='word_1_60' title='bbox 294 727 366 768; x_wconf 75' lang='grc' dir='ltr'><strong>τὴν</strong></span> <span class='ocrx_word' id='word_1_61' title='bbox 392 727 633 778; x_wconf 77' lang='grc' dir='ltr'><em>ὑπουράνιον</em></span> <span class='ocrx_word' id='word_1_62' title='bbox 652 722 819 772; x_wconf 73' lang='grc' dir='ltr'>ἁψῖδα),</span> <span class='ocrx_word' id='word_1_63' title='bbox 846 736 891 759; x_wconf 88' lang='lat' dir='ltr'><strong>ac</strong></span> <span class='ocrx_word' id='word_1_64' title='bbox 920 721 1066 759; x_wconf 87' lang='lat' dir='ltr'><strong>deinde</strong></span> <span class='ocrx_word' id='word_1_65' title='bbox 1090 735 1181 758; x_wconf 87' lang='lat' dir='ltr'><strong>cum</strong></span> <span class='ocrx_word' id='word_1_66' title='bbox 1204 720 1249 758; x_wconf 90' lang='lat' dir='ltr'><strong>iis</strong></span> <span class='ocrx_word' id='word_1_67' title='bbox 1272 719 1494 763; x_wconf 82' lang='lat' dir='ltr'>animabus,</span> <span class='ocrx_word' id='word_1_68' title='bbox 1523 731 1626 770; x_wconf 86' lang='lat' dir='ltr'><strong>quae</strong></span> 
     </span>
     <span class='ocr_line' id='line_1_10' title="bbox 201 790 1626 846; baseline -0.004 -15"><span class='ocrx_word' id='word_1_69' title='bbox 201 794 383 831; x_wconf 85' lang='lat' dir='ltr'><strong>comitari</strong></span> <span class='ocrx_word' id='word_1_70' title='bbox 409 807 474 832; x_wconf 91' lang='lat' dir='ltr'><strong>eos</strong></span> <span class='ocrx_word' id='word_1_71' title='bbox 504 803 742 846; x_wconf 88' lang='lat' dir='ltr'><strong>potuerunt,</strong></span> <span class='ocrx_word' id='word_1_72' title='bbox 778 802 991 846; x_wconf 86' lang='lat' dir='ltr'><strong>postquam</strong></span> <span class='ocrx_word' id='word_1_73' title='bbox 1014 793 1116 831; x_wconf 94' lang='lat' dir='ltr'><strong>coeli</strong></span> <span class='ocrx_word' id='word_1_74' title='bbox 1145 792 1305 830; x_wconf 88' lang='lat' dir='ltr'><strong>dorsum</strong></span> <span class='ocrx_word' id='word_1_75' title='bbox 1331 790 1493 829; x_wconf 82' lang='lat' dir='ltr'><strong>assecuti</strong></span> <span class='ocrx_word' id='word_1_76' title='bbox 1516 798 1626 835; x_wconf 87' lang='lat' dir='ltr'><strong>sunt,</strong></span> 
     </span>
     <span class='ocr_line' id='line_1_11' title="bbox 199 862 1626 917; baseline -0.002 -16"><span class='ocrx_word' id='word_1_77' title='bbox 199 864 422 902; x_wconf 83' lang='lat' dir='ltr'><strong>circumlati</strong></span> <span class='ocrx_word' id='word_1_78' title='bbox 454 865 541 902; x_wconf 87' lang='lat' dir='ltr'><strong>loca</strong></span> <span class='ocrx_word' id='word_1_79' title='bbox 568 878 686 917; x_wconf 89' lang='lat' dir='ltr'><strong>supra</strong></span> <span class='ocrx_word' id='word_1_80' title='bbox 721 866 878 902; x_wconf 89' lang='lat' dir='ltr'><strong>coelum</strong></span> <span class='ocrx_word' id='word_1_81' title='bbox 910 872 1111 916; x_wconf 88' lang='lat' dir='ltr'><strong>spectant,</strong></span> <span class='ocrx_word' id='word_1_82' title='bbox 1150 864 1220 899; x_wconf 89' lang='lat' dir='ltr'><strong>ubi</strong></span> <span class='ocrx_word' id='word_1_83' title='bbox 1249 877 1350 914; x_wconf 85' lang='lat' dir='ltr'><strong>pura</strong></span> <span class='ocrx_word' id='word_1_84' title='bbox 1382 871 1420 899; x_wconf 88' lang='lat' dir='ltr'><strong>et</strong></span> <span class='ocrx_word' id='word_1_85' title='bbox 1446 862 1626 914; x_wconf 69' lang='lat' dir='ltr'><strong>absoluta</strong></span> 
     </span>
     <span class='ocr_line' id='line_1_12' title="bbox 198 933 1627 985; baseline -0.001 -14"><span class='ocrx_word' id='word_1_86' title='bbox 198 934 361 977; x_wconf 81' lang='lat' dir='ltr'><strong>veritas,</strong></span> <span class='ocrx_word' id='word_1_87' title='bbox 403 935 600 985; x_wconf 84' lang='lat' dir='ltr'><strong>cognitio,</strong></span> <span class='ocrx_word' id='word_1_88' title='bbox 639 935 779 977; x_wconf 88' lang='lat' dir='ltr'><strong>virtus,</strong></span> <span class='ocrx_word' id='word_1_89' title='bbox 819 934 1105 985; x_wconf 79' lang='lat' dir='ltr'><strong>pulchritudo,</strong></span> <span class='ocrx_word' id='word_1_90' title='bbox 1148 943 1268 984; x_wconf 89' lang='lat' dir='ltr'><strong>atque</strong></span> <span class='ocrx_word' id='word_1_91' title='bbox 1308 933 1435 970; x_wconf 88' lang='lat' dir='ltr'><strong>omnis</strong></span> <span class='ocrx_word' id='word_1_92' title='bbox 1463 933 1627 970; x_wconf 87' lang='lat' dir='ltr'><strong>omnino</strong></span> 
     </span>
     <span class='ocr_line' id='line_1_13' title="bbox 197 1003 1630 1056; baseline -0.002 -15"><span class='ocrx_word' id='word_1_93' title='bbox 197 1004 392 1056; x_wconf 82' lang='lat' dir='ltr'><strong>perfectio</strong></span> <span class='ocrx_word' id='word_1_94' title='bbox 415 1012 541 1055; x_wconf 83' lang='lat' dir='ltr'><strong>patet3</strong></span> <span class='ocrx_word' id='word_1_95' title='bbox 569 1004 661 1039; x_wconf 88' lang='lat' dir='ltr'><strong>illae</strong></span> <span class='ocrx_word' id='word_1_96' title='bbox 687 1011 821 1039; x_wconf 86' lang='lat' dir='ltr'><strong>autem</strong></span> <span class='ocrx_word' id='word_1_97' title='bbox 845 1003 1017 1045; x_wconf 87' lang='lat' dir='ltr'><strong>animae,</strong></span> <span class='ocrx_word' id='word_1_98' title='bbox 1056 1016 1159 1053; x_wconf 87' lang='lat' dir='ltr'><strong>quae</strong></span> <span class='ocrx_word' id='word_1_99' title='bbox 1189 1011 1355 1054; x_wconf 89' lang='lat' dir='ltr'><strong>propter</strong></span> <span class='ocrx_word' id='word_1_100' title='bbox 1379 1015 1566 1039; x_wconf 89' lang='lat' dir='ltr'><strong>sensuum</strong></span> <span class='ocrx_word' id='word_1_101' title='bbox 1591 1010 1630 1039; x_wconf 90' lang='lat' dir='ltr'><strong>et</strong></span> 
     </span>
     <span class='ocr_line' id='line_1_14' title="bbox 199 1073 1629 1128; baseline -0.001 -15"><span class='ocrx_word' id='word_1_102' title='bbox 199 1074 467 1128; x_wconf 87' lang='lat' dir='ltr'><strong>cupiditatum</strong></span> <span class='ocrx_word' id='word_1_103' title='bbox 486 1073 787 1128; x_wconf 85' lang='lat' dir='ltr'><strong>impedimenta,</strong></span> <span class='ocrx_word' id='word_1_104' title='bbox 815 1073 967 1112; x_wconf 81' lang='lat' dir='ltr'><strong>effreno</strong></span> <span class='ocrx_word' id='word_1_105' title='bbox 991 1082 1029 1112; x_wconf 89' lang='lat' dir='ltr'><strong>et</strong></span> <span class='ocrx_word' id='word_1_106' title='bbox 1048 1074 1275 1113; x_wconf 88' lang='lat' dir='ltr'><strong>contumaci</strong></span> <span class='ocrx_word' id='word_1_107' title='bbox 1302 1088 1406 1127; x_wconf 86' lang='lat' dir='ltr'><strong>equo</strong></span> <span class='ocrx_word' id='word_1_108' title='bbox 1429 1088 1629 1127; x_wconf 84' lang='lat' dir='ltr'><strong>compara-</strong></span> 
     </span>
     <span class='ocr_line' id='line_1_15' title="bbox 200 1145 1629 1197; baseline -0.001 -13"><span class='ocrx_word' id='word_1_109' title='bbox 200 1155 347 1191; x_wconf 88' lang='lat' dir='ltr'><strong>tarum,</strong></span> <span class='ocrx_word' id='word_1_110' title='bbox 375 1146 585 1184; x_wconf 84' lang='lat' dir='ltr'><strong>consistere</strong></span> <span class='ocrx_word' id='word_1_111' title='bbox 615 1146 658 1183; x_wconf 91' lang='lat' dir='ltr'><strong>in</strong></span> <span class='ocrx_word' id='word_1_112' title='bbox 683 1146 783 1183; x_wconf 87' lang='lat' dir='ltr'><strong>coeli</strong></span> <span class='ocrx_word' id='word_1_113' title='bbox 814 1145 931 1183; x_wconf 87' lang='lat' dir='ltr'><strong>dorso</strong></span> <span class='ocrx_word' id='word_1_114' title='bbox 957 1155 1189 1197; x_wconf 86' lang='lat' dir='ltr'><strong>nequeunt,</strong></span> <span class='ocrx_word' id='word_1_115' title='bbox 1226 1155 1265 1183; x_wconf 88' lang='lat' dir='ltr'><strong>et</strong></span> <span class='ocrx_word' id='word_1_116' title='bbox 1294 1155 1404 1183; x_wconf 80' lang='lat' dir='ltr'><strong>extra</strong></span> <span class='ocrx_word' id='word_1_117' title='bbox 1431 1145 1629 1183; x_wconf 87' lang='lat' dir='ltr'><strong>mundum</strong></span> 
     </span>
     <span class='ocr_line' id='line_1_16' title="bbox 200 1217 1630 1270; baseline -0.001 -14"><span class='ocrx_word' id='word_1_118' title='bbox 200 1217 410 1256; x_wconf 88' lang='lat' dir='ltr'><strong>collocatas</strong></span> <span class='ocrx_word' id='word_1_119' title='bbox 439 1230 575 1256; x_wconf 88' lang='lat' dir='ltr'><strong>rerum</strong></span> <span class='ocrx_word' id='word_1_120' title='bbox 604 1230 723 1270; x_wconf 88' lang='lat' dir='ltr'><strong>puras</strong></span> <span class='ocrx_word' id='word_1_121' title='bbox 753 1217 936 1254; x_wconf 88' lang='lat' dir='ltr'><strong>notiones</strong></span> <span class='ocrx_word' id='word_1_122' title='bbox 964 1217 1171 1269; x_wconf 85' lang='lat' dir='ltr'><strong>percipere</strong></span> <span class='ocrx_word' id='word_1_123' title='bbox 1202 1217 1419 1268; x_wconf 82' lang='lat' dir='ltr'><strong>tranquille</strong></span> <span class='ocrx_word' id='word_1_124' title='bbox 1442 1231 1525 1255; x_wconf 91' lang='lat' dir='ltr'><strong>non</strong></span> <span class='ocrx_word' id='word_1_125' title='bbox 1547 1231 1630 1269; x_wconf 89' lang='lat' dir='ltr'><strong>pos-</strong></span> 
     </span>
     <span class='ocr_line' id='line_1_17' title="bbox 198 1288 1630 1332; baseline -0.001 -7"><span class='ocrx_word' id='word_1_126' title='bbox 198 1296 316 1332; x_wconf 86' lang='lat' dir='ltr'><strong>sunt,</strong></span> <span class='ocrx_word' id='word_1_127' title='bbox 358 1301 427 1325; x_wconf 90' lang='lat' dir='ltr'><strong>eae</strong></span> <span class='ocrx_word' id='word_1_128' title='bbox 454 1288 648 1325; x_wconf 86' lang='lat' dir='ltr'><strong>decidunt</strong></span> <span class='ocrx_word' id='word_1_129' title='bbox 678 1289 720 1324; x_wconf 91' lang='lat' dir='ltr'><strong>in</strong></span> <span class='ocrx_word' id='word_1_130' title='bbox 749 1296 895 1324; x_wconf 89' lang='lat' dir='ltr'><strong>terram</strong></span> <span class='ocrx_word' id='word_1_131' title='bbox 926 1295 965 1324; x_wconf 84' lang='lat' dir='ltr'><strong>et</strong></span> <span class='ocrx_word' id='word_1_132' title='bbox 990 1288 1173 1324; x_wconf 85' lang='lat' dir='ltr'><strong>mortales</strong></span> <span class='ocrx_word' id='word_1_133' title='bbox 1197 1297 1415 1325; x_wconf 85' lang='lat' dir='ltr'><strong>nascuntur</strong></span> <span class='ocrx_word' id='word_1_134' title='bbox 1440 1288 1630 1325; x_wconf 87' lang='lat' dir='ltr'><strong>homines.</strong></span> 
     </span>
     <span class='ocr_line' id='line_1_18' title="bbox 199 1358 1631 1411; baseline -0.001 -14"><span class='ocrx_word' id='word_1_135' title='bbox 199 1359 310 1397; x_wconf 87' lang='lat' dir='ltr'><strong>Haec</strong></span> <span class='ocrx_word' id='word_1_136' title='bbox 335 1366 393 1397; x_wconf 87' lang='lat' dir='ltr'><strong>est</strong></span> <span class='ocrx_word' id='word_1_137' title='bbox 416 1372 569 1397; x_wconf 88' lang='lat' dir='ltr'><strong>summa</strong></span> <span class='ocrx_word' id='word_1_138' title='bbox 597 1358 803 1397; x_wconf 87' lang='lat' dir='ltr'><strong>doctrinae</strong></span> <span class='ocrx_word' id='word_1_139' title='bbox 826 1358 868 1396; x_wconf 89' lang='lat' dir='ltr'><strong>in</strong></span> <span class='ocrx_word' id='word_1_140' title='bbox 892 1372 937 1396; x_wconf 90' lang='lat' dir='ltr'><strong>eo</strong></span> <span class='ocrx_word' id='word_1_141' title='bbox 963 1358 1053 1396; x_wconf 92' lang='lat' dir='ltr'><strong>loco</strong></span> <span class='ocrx_word' id='word_1_142' title='bbox 1077 1359 1319 1411; x_wconf 84' lang='lat' dir='ltr'><strong>propositae,</strong></span> <span class='ocrx_word' id='word_1_143' title='bbox 1347 1372 1473 1410; x_wconf 84' lang='lat' dir='ltr'><strong>eaque</strong></span> <span class='ocrx_word' id='word_1_144' title='bbox 1497 1359 1631 1397; x_wconf 88' lang='lat' dir='ltr'><strong>multis</strong></span> 
     </span>
     <span class='ocr_line' id='line_1_19' title="bbox 199 1429 1631 1482; baseline 0.001 -15"><span class='ocrx_word' id='word_1_145' title='bbox 199 1430 258 1468; x_wconf 86' lang='lat' dir='ltr'><strong>ibi</strong></span> <span class='ocrx_word' id='word_1_146' title='bbox 280 1431 496 1469; x_wconf 85' lang='lat' dir='ltr'><strong>verborum</strong></span> <span class='ocrx_word' id='word_1_147' title='bbox 520 1430 738 1468; x_wconf 81' lang='lat' dir='ltr'><strong>involucris</strong></span> <span class='ocrx_word' id='word_1_148' title='bbox 758 1438 797 1466; x_wconf 86' lang='lat' dir='ltr'><strong>et</strong></span> <span class='ocrx_word' id='word_1_149' title='bbox 816 1429 960 1482; x_wconf 77' lang='lat' dir='ltr'><strong>insigni</strong></span> <span class='ocrx_word' id='word_1_150' title='bbox 975 1430 1134 1482; x_wconf 91' lang='lat' dir='ltr'><strong>poetico</strong></span> <span class='ocrx_word' id='word_1_151' title='bbox 1153 1439 1273 1482; x_wconf 87' lang='lat' dir='ltr'><strong>atque</strong></span> <span class='ocrx_word' id='word_1_152' title='bbox 1294 1431 1466 1469; x_wconf 89' lang='lat' dir='ltr'><strong>oratorio</strong></span> <span class='ocrx_word' id='word_1_153' title='bbox 1487 1440 1631 1469; x_wconf 90' lang='lat' dir='ltr'><strong>ornatu</strong></span> 
     </span>
     <span class='ocr_line' id='line_1_20' title="bbox 202 1500 1631 1555; baseline 0.001 -17"><span class='ocrx_word' id='word_1_154' title='bbox 202 1501 378 1549; x_wconf 77' lang='lat' dir='ltr'><strong>velatur3</strong></span> <span class='ocrx_word' id='word_1_155' title='bbox 424 1500 554 1539; x_wconf 88' lang='lat' dir='ltr'><strong>nihilo</strong></span> <span class='ocrx_word' id='word_1_156' title='bbox 584 1502 737 1546; x_wconf 89' lang='lat' dir='ltr'><strong>minus,</strong></span> <span class='ocrx_word' id='word_1_157' title='bbox 776 1501 808 1539; x_wconf 93' lang='lat' dir='ltr'><strong>si</strong></span> <span class='ocrx_word' id='word_1_158' title='bbox 843 1502 1050 1553; x_wconf 84' lang='lat' dir='ltr'><strong>quisunt,</strong></span> <span class='ocrx_word' id='word_1_159' title='bbox 1091 1502 1162 1554; x_wconf 81' lang='lat' dir='ltr'><strong>qui</strong></span> <span class='ocrx_word' id='word_1_160' title='bbox 1198 1510 1364 1554; x_wconf 90' lang='lat' dir='ltr'><strong>putent,</strong></span> <span class='ocrx_word' id='word_1_161' title='bbox 1399 1502 1631 1555; x_wconf 85' lang='lat' dir='ltr'><strong>scriptorem</strong></span> 
     </span>
     <span class='ocr_line' id='line_1_21' title="bbox 198 1573 1632 1626; baseline 0.002 -18"><span class='ocrx_word' id='word_1_162' title='bbox 198 1573 440 1610; x_wconf 81' lang='lat' dir='ltr'><strong>sententiam</strong></span> <span class='ocrx_word' id='word_1_163' title='bbox 460 1586 570 1610; x_wconf 90' lang='lat' dir='ltr'><strong>suam</strong></span> <span class='ocrx_word' id='word_1_164' title='bbox 594 1587 739 1624; x_wconf 88' lang='lat' dir='ltr'><strong>parum</strong></span> <span class='ocrx_word' id='word_1_165' title='bbox 763 1582 899 1624; x_wconf 84' lang='lat' dir='ltr'><strong>aperte</strong></span> <span class='ocrx_word' id='word_1_166' title='bbox 921 1574 1170 1626; x_wconf 83' lang='lat' dir='ltr'><strong>explicuisse,</strong></span> <span class='ocrx_word' id='word_1_167' title='bbox 1200 1583 1238 1611; x_wconf 86' lang='lat' dir='ltr'><strong>et</strong></span> <span class='ocrx_word' id='word_1_168' title='bbox 1260 1588 1324 1618; x_wconf 85' lang='lat' dir='ltr'><strong>ea,</strong></span> <span class='ocrx_word' id='word_1_169' title='bbox 1352 1586 1454 1624; x_wconf 84' lang='lat' dir='ltr'><strong>quae</strong></span> <span class='ocrx_word' id='word_1_170' title='bbox 1472 1573 1521 1611; x_wconf 89' lang='lat' dir='ltr'><strong>de</strong></span> <span class='ocrx_word' id='word_1_171' title='bbox 1546 1587 1632 1611; x_wconf 90' lang='lat' dir='ltr'><strong>coe—</strong></span> 
     </span>
     <span class='ocr_line' id='line_1_22' title="bbox 202 1642 1632 1699; baseline 0.001 -18"><span class='ocrx_word' id='word_1_172' title='bbox 202 1642 368 1681; x_wconf 87' lang='lat' dir='ltr'><strong>lestibus</strong></span> <span class='ocrx_word' id='word_1_173' title='bbox 391 1643 555 1679; x_wconf 86' lang='lat' dir='ltr'><strong>orbibus</strong></span> <span class='ocrx_word' id='word_1_174' title='bbox 580 1642 887 1695; x_wconf 85' lang='lat' dir='ltr'><strong>animarumque</strong></span> <span class='ocrx_word' id='word_1_175' title='bbox 908 1644 1081 1681; x_wconf 87' lang='lat' dir='ltr'><strong>motibus</strong></span> <span class='ocrx_word' id='word_1_176' title='bbox 1109 1644 1321 1697; x_wconf 82' lang='lat' dir='ltr'><strong>leguntur,</strong></span> <span class='ocrx_word' id='word_1_177' title='bbox 1348 1644 1397 1681; x_wconf 91' lang='lat' dir='ltr'><strong>ad</strong></span> <span class='ocrx_word' id='word_1_178' title='bbox 1416 1646 1632 1699; x_wconf 88' lang='lat' dir='ltr'><strong>perspicui·</strong></span> 
     </span>
    </p>
   </div>
   <div class='ocr_carea' id='block_1_3' title="bbox 201 1713 1628 1767">
    <p class='ocr_par' dir='ltr' id='par_1_3' title="bbox 201 1713 1628 1767">
     <span class='ocr_line' id='line_1_23' title="bbox 201 1713 1628 1767; baseline 0.001 -15"><span class='ocrx_word' id='word_1_179' title='bbox 201 1722 324 1752; x_wconf 80' lang='lat' dir='ltr'><strong>tatem</strong></span> <span class='ocrx_word' id='word_1_180' title='bbox 351 1713 500 1751; x_wconf 88' lang='lat' dir='ltr'><strong>adduci</strong></span> <span class='ocrx_word' id='word_1_181' title='bbox 524 1722 563 1751; x_wconf 86' lang='lat' dir='ltr'><strong>et</strong></span> <span class='ocrx_word' id='word_1_182' title='bbox 589 1722 693 1751; x_wconf 86' lang='lat' dir='ltr'><strong>certa</strong></span> <span class='ocrx_word' id='word_1_183' title='bbox 724 1713 848 1765; x_wconf 84' lang='lat' dir='ltr'><strong>figura</strong></span> <span class='ocrx_word' id='word_1_184' title='bbox 873 1716 1159 1767; x_wconf 88' lang='lat' dir='ltr'><strong>repraesentari</strong></span> <span class='ocrx_word' id='word_1_185' title='bbox 1184 1730 1267 1753; x_wconf 89' lang='lat' dir='ltr'><strong>non</strong></span> <span class='ocrx_word' id='word_1_186' title='bbox 1293 1730 1421 1767; x_wconf 88' lang='lat' dir='ltr'><strong>posse,</strong></span> <span class='ocrx_word' id='word_1_187' title='bbox 1462 1725 1628 1766; x_wconf 89' lang='lat' dir='ltr'><strong>quanto-</strong></span> 
     </span>
    </p>
   </div>
   <div class='ocr_carea' id='block_1_4' title="bbox 754 1821 924 1827">
    <p class='ocr_par' dir='ltr' id='par_1_4' title="bbox 754 1821 924 1827">
     <span class='ocr_line' id='line_1_24' title="bbox 754 1821 924 1827; baseline 0 0"><span class='ocrx_word' id='word_1_188' title='bbox 754 1821 924 1827; x_wconf 95' lang='lat' dir='ltr'><strong> </strong></span> 
     </span>
    </p>
   </div>
   <div class='ocr_carea' id='block_1_5' title="bbox 330 1881 1628 1988">
    <p class='ocr_par' dir='ltr' id='par_1_5' title="bbox 330 1881 1628 1988">
     <span class='ocr_line' id='line_1_25' title="bbox 330 1881 1628 1928; baseline 0.003 -18"><span class='ocrx_word' id='word_1_189' title='bbox 330 1881 364 1911; x_wconf 86' lang='lat' dir='ltr'><strong>in</strong></span> <span class='ocrx_word' id='word_1_190' title='bbox 384 1882 500 1913; x_wconf 85' lang='lat' dir='ltr'><strong>Annal.</strong></span> <span class='ocrx_word' id='word_1_191' title='bbox 523 1884 622 1914; x_wconf 84' lang='lat' dir='ltr'><strong>litter.</strong></span> <span class='ocrx_word' id='word_1_192' title='bbox 649 1883 983 1928; x_wconf 82' lang='lat' dir='ltr'><strong>Heidelbergensibus</strong></span> <span class='ocrx_word' id='word_1_193' title='bbox 1007 1895 1035 1916; x_wconf 86' lang='lat' dir='ltr'><strong>a.</strong></span> <span class='ocrx_word' id='word_1_194' title='bbox 1064 1883 1154 1917; x_wconf 84' lang='lat'><strong>1808.</strong></span> <span class='ocrx_word' id='word_1_195' title='bbox 1186 1886 1278 1916; x_wconf 85' lang='lat' dir='ltr'><strong>Fasc.</strong></span> <span class='ocrx_word' id='word_1_196' title='bbox 1306 1896 1332 1916; x_wconf 89' lang='lat'><strong>1.</strong></span> <span class='ocrx_word' id='word_1_197' title='bbox 1356 1897 1389 1928; x_wconf 89' lang='lat' dir='ltr'><strong>p.</strong></span> <span class='ocrx_word' id='word_1_198' title='bbox 1418 1896 1472 1917; x_wconf 88' lang='lat'><strong>111</strong></span> <span class='ocrx_word' id='word_1_199' title='bbox 1499 1896 1571 1926; x_wconf 79' lang='lat' dir='ltr'><strong>sqq.</strong></span> <span class='ocrx_word' id='word_1_200' title='bbox 1597 1894 1628 1915; x_wconf 81' lang='lat' dir='ltr'><strong>et</strong></span> 
     </span>
     <span class='ocr_line' id='line_1_26' title="bbox 331 1945 1625 1988; baseline 0.003 -16"><span class='ocrx_word' id='word_1_201' title='bbox 331 1954 426 1985; x_wconf 82' lang='lat' dir='ltr'><strong>spero</strong></span> <span class='ocrx_word' id='word_1_202' title='bbox 457 1955 543 1974; x_wconf 82' lang='lat' dir='ltr'><strong>nunc</strong></span> <span class='ocrx_word' id='word_1_203' title='bbox 576 1945 671 1975; x_wconf 82' lang='lat' dir='ltr'><strong>etiam</strong></span> <span class='ocrx_word' id='word_1_204' title='bbox 698 1947 842 1988; x_wconf 82' lang='lat' dir='ltr'><strong>apertius</strong></span> <span class='ocrx_word' id='word_1_205' title='bbox 864 1945 954 1984; x_wconf 86' lang='lat' dir='ltr'><strong>fore,</strong></span> <span class='ocrx_word' id='word_1_206' title='bbox 989 1957 1086 1988; x_wconf 82' lang='lat' dir='ltr'><strong>quam</strong></span> <span class='ocrx_word' id='word_1_207' title='bbox 1110 1948 1219 1976; x_wconf 83' lang='lat' dir='ltr'><strong>omnia</strong></span> <span class='ocrx_word' id='word_1_208' title='bbox 1240 1947 1438 1979; x_wconf 84' lang='lat' dir='ltr'><strong>conveniant</strong></span> <span class='ocrx_word' id='word_1_209' title='bbox 1460 1958 1532 1979; x_wconf 84' lang='lat' dir='ltr'><strong>cum</strong></span> <span class='ocrx_word' id='word_1_210' title='bbox 1555 1946 1625 1977; x_wconf 82' lang='lat' dir='ltr'><strong>Phi-</strong></span> 
     </span>
    </p>
   </div>
   <div class='ocr_carea' id='block_1_6' title="bbox 331 2004 1316 2054">
    <p class='ocr_par' dir='ltr' id='par_1_6' title="bbox 331 2004 1316 2054">
     <span class='ocr_line' id='line_1_27' title="bbox 331 2004 1316 2054; baseline 0.007 -20"><span class='ocrx_word' id='word_1_211' title='bbox 331 2004 412 2035; x_wconf 78' lang='lat' dir='ltr'><strong>lolai</strong></span> <span class='ocrx_word' id='word_1_212' title='bbox 434 2007 644 2039; x_wconf 73' lang='lat' dir='ltr'><strong>astronomia.</strong></span> <span class='ocrx_word' id='word_1_213' title='bbox 690 2008 828 2040; x_wconf 82' lang='lat' dir='ltr'><strong>Phaedri</strong></span> <span class='ocrx_word' id='word_1_214' title='bbox 851 2009 942 2040; x_wconf 82' lang='lat' dir='ltr'><strong>locus</strong></span> <span class='ocrx_word' id='word_1_215' title='bbox 966 2017 1014 2040; x_wconf 86' lang='lat' dir='ltr'><strong>est</strong></span> <span class='ocrx_word' id='word_1_216' title='bbox 1036 2021 1069 2054; x_wconf 78' lang='lat' dir='ltr'><strong>p·</strong></span> <span class='ocrx_word' id='word_1_217' title='bbox 1094 2007 1168 2050; x_wconf 80' lang='lat'><strong>245.</strong></span> <span class='ocrx_word' id='word_1_218' title='bbox 1195 2009 1222 2041; x_wconf 89' lang='lat' dir='ltr'>C</span> <span class='ocrx_word' id='word_1_219' title='bbox 1246 2021 1316 2053; x_wconf 81' lang='lat' dir='ltr'><strong>sqq.</strong></span> 
     </span>
    </p>
   </div>
  </div>
 </body>
</html>
